timestamp,symbol,weightedPrice,bidPrice,bidSize,askPrice,askSize
1601898540897,ETHUSDT,350.98891879,351.36000000,52.64999000,351.37000000,1.06429000
1601898541886,ETHUSDT,350.98891879,351.36000000,52.64999000,351.37000000,39.34560000
1601898542932,ETHUSDT,350.98892288,351.36000000,48.23086000,351.37000000,1.03099000
1601898543908,ETHUSDT,350.98892383,351.36000000,121.88121000,351.37000000,1.03099000
1601898544921,ETHUSDT,350.98894378,351.35000000,3.06094000,351.37000000,1.03099000
1601898545867,ETHUSDT,350.98894378,351.35000000,3.06094000,351.37000000,1.03099000
1601898546610,ETHUSDT,350.98894404,351.35000000,2.76094000,351.37000000,1.03099000
1601898547891,ETHUSDT,350.98894404,351.35000000,2.76094000,351.37000000,1.03099000
1601898548934,ETHUSDT,350.98937790,351.36000000,150.88131000,351.37000000,0.00099000
1601898549892,ETHUSDT,350.98957666,351.36000000,150.89699000,351.37000000,0.00099000
1601898550914,ETHUSDT,350.98973841,351.37000000,2.76128000,351.40000000,8.11514000
1601898551935,ETHUSDT,350.98973845,351.37000000,2.71373000,351.40000000,6.96796000
1601898552842,ETHUSDT,350.98973845,351.37000000,2.71373000,351.40000000,6.96796000
1601898553870,ETHUSDT,350.98973845,351.37000000,2.71373000,351.40000000,6.96796000
1601898554808,ETHUSDT,350.98995264,351.37000000,2.71373000,351.39000000,9.09500000
1601898555895,ETHUSDT,350.99000643,351.36000000,1.24772000,351.38000000,3.85373000
1601898556864,ETHUSDT,350.99000842,351.33000000,56.45852000,351.39000000,12.73583000
1601898557861,ETHUSDT,350.99000842,351.37000000,9.00000000,351.39000000,9.09500000
1601898558936,ETHUSDT,350.99000846,351.39000000,93.00000000,351.40000000,6.93609000
1601898559909,ETHUSDT,350.99005132,351.37000000,15.36846000,351.40000000,6.93609000
1601898560857,ETHUSDT,350.99007786,351.37000000,17.07607000,351.40000000,6.93609000
1601898561945,ETHUSDT,350.99007786,351.35000000,72.74643000,351.36000000,9.09500000
1601898562852,ETHUSDT,350.99007786,351.35000000,72.74643000,351.36000000,9.09500000
1601898563914,ETHUSDT,350.99011521,351.35000000,10.24643000,351.38000000,5.58196000
1601898564942,ETHUSDT,350.99011521,351.35000000,11.95389000,351.38000000,9.09500000
1601898565900,ETHUSDT,350.99011521,351.37000000,98.12289000,351.38000000,9.09500000
1601898566828,ETHUSDT,350.99011521,351.39000000,102.00000000,351.40000000,6.93609000
1601898567935,ETHUSDT,350.99011819,351.38000000,52.64999000,351.40000000,6.90392000
1601898568915,ETHUSDT,350.99011844,351.38000000,52.64999000,351.40000000,6.65243000
1601898569910,ETHUSDT,350.99011844,351.38000000,52.64999000,351.40000000,6.65243000
1601898570940,ETHUSDT,350.99011844,351.38000000,52.64999000,351.40000000,6.65243000
1601898571904,ETHUSDT,350.99012140,351.39000000,81.00000000,351.40000000,6.65243000
1601898572944,ETHUSDT,350.99012140,351.39000000,84.50000000,351.40000000,6.65243000
1601898573845,ETHUSDT,350.99012140,351.39000000,84.50000000,351.40000000,6.65243000
1601898574946,ETHUSDT,350.99012657,351.38000000,52.64999000,351.40000000,60.38481000
1601898575942,ETHUSDT,350.99012660,351.38000000,52.64999000,351.40000000,60.35280000
1601898576911,ETHUSDT,350.99012660,351.38000000,52.64999000,351.40000000,6.62042000
1601898577926,ETHUSDT,350.99012867,351.37000000,100.59938000,351.38000000,44.01306000
1601898578888,ETHUSDT,350.99013170,351.37000000,100.59938000,351.40000000,6.62042000
1601898579948,ETHUSDT,350.99013170,351.38000000,99.83033000,351.39000000,30.00000000
1601898580888,ETHUSDT,350.99013170,351.38000000,99.83033000,351.40000000,6.62042000
1601898581919,ETHUSDT,350.99013480,351.38000000,99.83033000,351.39000000,0.11688000
1601898582329,ETHUSDT,350.99013480,351.38000000,99.83033000,351.39000000,0.11688000
1601898583937,ETHUSDT,350.99013483,351.38000000,99.83033000,351.39000000,0.08378000
1601898584690,ETHUSDT,350.99013483,351.38000000,99.83033000,351.39000000,0.08378000
1601898585953,ETHUSDT,350.99013483,351.38000000,99.83033000,351.39000000,0.08378000
1601898586897,ETHUSDT,350.99013483,351.38000000,99.83033000,351.39000000,0.08378000
1601898587904,ETHUSDT,350.99013483,351.38000000,99.83033000,351.39000000,0.08378000
1601898588879,ETHUSDT,350.99013483,351.38000000,99.83033000,351.39000000,0.08378000
1601898589884,ETHUSDT,350.99013519,351.38000000,93.00000000,351.39000000,0.04969000
1601898590863,ETHUSDT,350.99013519,351.38000000,93.00000000,351.39000000,0.04969000
1601898591927,ETHUSDT,350.99013641,351.38000000,93.00000000,351.40000000,5.67767000
1601898592934,ETHUSDT,350.99013641,351.38000000,93.00000000,351.40000000,5.67767000
1601898593957,ETHUSDT,350.99013641,351.39000000,98.00000000,351.40000000,5.67767000
1601898594960,ETHUSDT,350.99013641,351.36000000,0.20000000,351.38000000,4.00000000
1601898595918,ETHUSDT,350.99013641,351.36000000,48.59999000,351.39000000,3.41067000
1601898596939,ETHUSDT,350.99013641,351.39000000,43.65000000,351.40000000,6.04009000
1601898597960,ETHUSDT,350.99013641,351.39000000,43.65000000,351.40000000,5.67767000
1601898598911,ETHUSDT,350.99013645,351.39000000,43.65000000,351.40000000,5.64370000
1601898599961,ETHUSDT,350.99013735,351.38000000,36.27044000,351.39000000,5.53046000
1601898600934,ETHUSDT,350.99018949,351.36000000,32.70719000,351.40000000,40.42427000
1601898601918,ETHUSDT,350.99018949,351.36000000,46.36830000,351.40000000,35.64370000
1601898602913,ETHUSDT,350.99019050,351.36000000,46.36830000,351.40000000,34.85409000
1601898603925,ETHUSDT,350.99019083,351.37000000,88.50000000,351.38000000,51.30477000
1601898604920,ETHUSDT,350.99019083,351.37000000,88.50000000,351.38000000,21.30477000
1601898605924,ETHUSDT,350.99019868,351.37000000,84.37323000,351.38000000,51.13923000
1601898606932,ETHUSDT,350.99020385,351.37000000,78.90962000,351.38000000,21.10744000
1601898607940,ETHUSDT,350.99020855,351.37000000,93.40962000,351.38000000,21.10744000
1601898608931,ETHUSDT,350.99020855,351.37000000,93.40962000,351.38000000,21.10744000
1601898609929,ETHUSDT,350.99020855,351.37000000,93.40962000,351.38000000,21.10744000
1601898610928,ETHUSDT,350.99022982,351.37000000,93.40962000,351.38000000,20.44435000
1601898611956,ETHUSDT,350.99022982,351.37000000,93.40962000,351.38000000,20.44435000
1601898612929,ETHUSDT,350.99022982,351.37000000,93.40962000,351.38000000,20.44435000
1601898613952,ETHUSDT,350.99022982,351.37000000,93.40962000,351.38000000,20.44435000
1601898614943,ETHUSDT,350.99024286,351.37000000,93.40962000,351.38000000,20.41041000
1601898615933,ETHUSDT,350.99024286,351.37000000,93.40962000,351.38000000,20.41041000
1601898616962,ETHUSDT,350.99029388,351.36000000,124.57599000,351.37000000,1.17760000
1601898617929,ETHUSDT,350.99029394,351.37000000,93.50000000,351.38000000,20.41041000
1601898618964,ETHUSDT,350.99029394,351.37000000,93.50000000,351.38000000,20.41041000
1601898619928,ETHUSDT,350.99029394,351.37000000,93.50000000,351.38000000,20.41041000
1601898620929,ETHUSDT,350.99032385,351.37000000,93.50000000,351.38000000,18.30716000
1601898621946,ETHUSDT,350.99032385,351.37000000,93.50000000,351.38000000,18.30716000
1601898622969,ETHUSDT,350.99034484,351.39000000,154.96517000,351.40000000,4.61454000
1601898623964,ETHUSDT,350.99034715,351.39000000,153.16517000,351.40000000,4.61454000
1601898624803,ETHUSDT,350.99034715,351.39000000,152.96517000,351.40000000,4.61454000
1601898625922,ETHUSDT,350.99035062,351.39000000,152.89975000,351.40000000,4.61454000
1601898626682,ETHUSDT,350.99035062,351.39000000,149.48458000,351.40000000,4.61454000
1601898627966,ETHUSDT,350.99035062,351.39000000,149.48458000,351.40000000,4.61454000
1601898628940,ETHUSDT,350.99035062,351.39000000,149.48458000,351.40000000,4.61454000
1601898629699,ETHUSDT,350.99035311,351.39000000,149.31812000,351.40000000,4.61454000
1601898630943,ETHUSDT,350.99036914,351.39000000,149.51812000,351.40000000,4.58075000
1601898631770,ETHUSDT,350.99036914,351.39000000,149.51812000,351.40000000,4.58075000
1601898632927,ETHUSDT,350.99036954,351.39000000,149.31812000,351.40000000,4.58075000
1601898633920,ETHUSDT,350.99037095,351.39000000,149.31812000,351.40000000,3.18633000
1601898634971,ETHUSDT,350.99037181,351.39000000,155.31812000,351.40000000,3.18633000
1601898635934,ETHUSDT,350.99037181,351.39000000,155.31812000,351.40000000,3.18633000
1601898636863,ETHUSDT,350.99037861,351.39000000,149.75347000,351.40000000,3.18633000
1601898637932,ETHUSDT,350.99037861,351.39000000,149.75347000,351.40000000,3.18633000
1601898638913,ETHUSDT,350.99038227,351.42000000,139.39999000,351.45000000,10.84607000
1601898639882,ETHUSDT,350.99038231,351.42000000,139.39999000,351.45000000,10.81330000
1601898640934,ETHUSDT,350.99038326,351.44000000,96.46363000,351.45000000,10.01330000
1601898641942,ETHUSDT,350.99038326,351.43000000,90.24394000,351.44000000,0.11687000
1601898642947,ETHUSDT,350.99038326,351.43000000,90.24394000,351.44000000,0.11687000
1601898643949,ETHUSDT,350.99038376,351.43000000,90.24394000,351.44000000,6.11687000
1601898644970,ETHUSDT,350.99038376,351.43000000,90.24394000,351.44000000,6.11687000
1601898645959,ETHUSDT,350.99038413,351.43000000,89.90464000,351.44000000,6.11687000
1601898646916,ETHUSDT,350.99038413,351.43000000,89.90464000,351.44000000,6.11687000
1601898647974,ETHUSDT,350.99038416,351.43000000,80.00000000,351.44000000,6.08478000
1601898648954,ETHUSDT,350.99038416,351.42000000,49.29999000,351.44000000,6.08478000
1601898649878,ETHUSDT,350.99038441,351.43000000,99.10000000,351.44000000,35.85906000
1601898650946,ETHUSDT,350.99038441,351.43000000,99.10000000,351.44000000,5.85906000
1601898651945,ETHUSDT,350.99038441,351.43000000,99.10000000,351.44000000,5.85906000
1601898652888,ETHUSDT,350.99038441,351.43000000,99.10000000,351.44000000,5.85906000
1601898653947,ETHUSDT,350.99038441,351.43000000,9.60000000,351.44000000,5.85906000
1601898654973,ETHUSDT,350.99038958,351.43000000,80.60000000,351.44000000,5.85906000
1601898655955,ETHUSDT,350.99038962,351.43000000,103.10000000,351.44000000,5.82628000
1601898656951,ETHUSDT,350.99038962,351.43000000,80.60000000,351.44000000,5.82628000
1601898657964,ETHUSDT,350.99038962,351.43000000,80.60000000,351.44000000,5.82628000
1601898658954,ETHUSDT,350.99038962,351.43000000,80.60000000,351.44000000,5.82628000
1601898659951,ETHUSDT,350.99042991,351.43000000,76.60000000,351.44000000,5.82628000
1601898660963,ETHUSDT,350.99042991,351.43000000,76.60000000,351.44000000,5.82628000
1601898661970,ETHUSDT,350.99045909,351.43000000,68.00000000,351.44000000,5.82628000
1601898662957,ETHUSDT,350.99045974,351.43000000,102.50000000,351.44000000,5.24218000
1601898663992,ETHUSDT,350.99045978,351.42000000,24.07367000,351.44000000,26.31018000
1601898664989,ETHUSDT,350.99063964,351.28000000,2.99008000,351.31000000,11.60672000
1601898665986,ETHUSDT,350.99065236,351.34000000,29.88300000,351.35000000,40.91690000
1601898666944,ETHUSDT,350.99065323,351.34000000,104.38300000,351.35000000,40.33690000
1601898667865,ETHUSDT,350.99065561,351.33000000,38.14999000,351.34000000,33.68670000
1601898668947,ETHUSDT,350.99066601,351.38000000,0.00037000,351.39000000,75.55511000
1601898669929,ETHUSDT,350.99066601,351.38000000,0.00037000,351.39000000,75.55511000
1601898670975,ETHUSDT,350.99067036,351.35000000,3.41067000,351.36000000,46.76335000
1601898671995,ETHUSDT,350.99067639,351.39000000,2.28501000,351.40000000,50.97545000
1601898672939,ETHUSDT,350.99067945,351.38000000,6.41402000,351.41000000,41.94183000
1601898673994,ETHUSDT,350.99067945,351.38000000,1.29129000,351.40000000,30.00000000
1601898674489,ETHUSDT,350.99067945,351.38000000,1.29129000,351.40000000,30.00000000
1601898675995,ETHUSDT,350.99069600,351.43000000,93.21799000,351.44000000,18.79076000
1601898676995,ETHUSDT,350.99070070,351.43000000,88.88307000,351.44000000,19.85372000
1601898677972,ETHUSDT,350.99070070,351.43000000,93.23935000,351.44000000,19.85372000
1601898678967,ETHUSDT,350.99070070,351.43000000,93.23935000,351.44000000,19.85372000
1601898679968,ETHUSDT,350.99070258,351.43000000,3.71799000,351.44000000,19.85372000
1601898680993,ETHUSDT,350.99070262,351.43000000,3.71799000,351.44000000,19.81941000
1601898681980,ETHUSDT,350.99070262,351.43000000,3.71799000,351.44000000,19.81941000
1601898682958,ETHUSDT,350.99070973,351.43000000,3.71799000,351.44000000,26.84231000
1601898683975,ETHUSDT,350.99070973,351.42000000,3.72968000,351.44000000,67.51941000
1601898684955,ETHUSDT,350.99070973,351.41000000,49.95562000,351.43000000,7.02290000
1601898685987,ETHUSDT,350.99070973,351.41000000,49.95562000,351.43000000,7.02290000
1601898686866,ETHUSDT,350.99076432,351.41000000,49.95562000,351.43000000,6.99161000
1601898687986,ETHUSDT,350.99077921,351.43000000,61.29100000,351.44000000,72.91940000
1601898688969,ETHUSDT,350.99077925,351.43000000,93.29100000,351.44000000,19.78623000
1601898689986,ETHUSDT,350.99077925,351.43000000,93.29100000,351.44000000,19.78623000
1601898690988,ETHUSDT,350.99078047,351.43000000,61.29100000,351.44000000,19.78623000
1601898691990,ETHUSDT,350.99078047,351.43000000,61.29100000,351.44000000,19.78623000
1601898692979,ETHUSDT,350.99078047,351.41000000,51.11195000,351.44000000,19.78623000
1601898693925,ETHUSDT,350.99078047,351.41000000,51.11195000,351.43000000,6.99161000
1601898694991,ETHUSDT,350.99078047,351.41000000,51.11195000,351.43000000,8.99161000
1601898695838,ETHUSDT,350.99080520,351.42000000,96.58053000,351.43000000,2.00000000
1601898697005,ETHUSDT,350.99086002,351.42000000,96.58053000,351.43000000,1.96763000
1601898698004,ETHUSDT,350.99086032,351.42000000,96.58053000,351.43000000,1.68625000
1601898698938,ETHUSDT,350.99087407,351.43000000,96.14904000,351.44000000,19.09660000
1601898699975,ETHUSDT,350.99087407,351.43000000,96.14904000,351.44000000,19.09660000
1601898700975,ETHUSDT,350.99087407,351.43000000,2.64904000,351.44000000,19.09660000
1601898701948,ETHUSDT,350.99088180,351.41000000,48.71598000,351.43000000,7.30195000
1601898702917,ETHUSDT,350.99088180,351.41000000,48.71598000,351.42000000,0.03474000
1601898703963,ETHUSDT,350.99088214,351.41000000,105.19257000,351.42000000,0.00074000
1601898704965,ETHUSDT,350.99088218,351.41000000,105.19257000,351.43000000,0.08521000
1601898705925,ETHUSDT,350.99088218,351.41000000,109.62014000,351.43000000,0.08521000
1601898707003,ETHUSDT,350.99088672,351.40000000,113.49118000,351.41000000,0.00018000
1601898708005,ETHUSDT,350.99088723,351.42000000,40.64765000,351.43000000,0.08521000
1601898708996,ETHUSDT,350.99089228,351.42000000,40.64765000,351.43000000,30.08521000
1601898709652,ETHUSDT,350.99089260,351.42000000,40.64765000,351.43000000,77.53681000
1601898710866,ETHUSDT,350.99089260,351.40000000,51.89635000,351.42000000,6.95161000
1601898711987,ETHUSDT,350.99089260,351.41000000,66.96431000,351.42000000,0.07423000
1601898712993,ETHUSDT,350.99089280,351.41000000,66.34120000,351.42000000,72.34205000
1601898713970,ETHUSDT,350.99089280,351.40000000,111.26361000,351.41000000,0.07423000
1601898714998,ETHUSDT,350.99089280,351.40000000,41.04433000,351.41000000,7.02584000
1601898715970,ETHUSDT,350.99089303,351.40000000,98.31123000,351.41000000,0.07423000
1601898716657,ETHUSDT,350.99089314,351.40000000,98.21094000,351.41000000,0.07423000
1601898717872,ETHUSDT,350.99089321,351.40000000,98.13671000,351.41000000,0.07423000
1601898718946,ETHUSDT,350.99089584,351.40000000,97.97784000,351.41000000,0.07423000
1601898720012,ETHUSDT,350.99089890,351.40000000,97.87694000,351.41000000,0.00023000
1601898720965,ETHUSDT,350.99089890,351.40000000,97.87694000,351.41000000,0.00023000
1601898721979,ETHUSDT,350.99089894,351.41000000,57.00000000,351.42000000,0.00836000
1601898722978,ETHUSDT,350.99089894,351.41000000,57.00000000,351.42000000,0.00836000
1601898724013,ETHUSDT,350.99089894,351.40000000,40.37694000,351.42000000,0.00836000
1601898724981,ETHUSDT,350.99089926,351.40000000,40.56827000,351.42000000,0.00836000
1601898725978,ETHUSDT,350.99089984,351.40000000,40.37694000,351.42000000,0.00836000
1601898726980,ETHUSDT,350.99089984,351.40000000,40.37694000,351.42000000,0.00836000
1601898727993,ETHUSDT,350.99089984,351.40000000,40.37694000,351.42000000,0.00836000
1601898729009,ETHUSDT,350.99089984,351.40000000,40.37694000,351.42000000,0.00836000
1601898729656,ETHUSDT,350.99090542,351.40000000,35.90366000,351.43000000,0.00033000
1601898731014,ETHUSDT,350.99090542,351.40000000,35.90366000,351.43000000,0.00033000
1601898731962,ETHUSDT,350.99090542,351.42000000,42.12972000,351.43000000,46.35032000
1601898732986,ETHUSDT,350.99090857,351.39000000,103.69586000,351.40000000,4.37961000
1601898733703,ETHUSDT,350.99094072,351.39000000,41.69586000,351.41000000,47.32280000
1601898734989,ETHUSDT,350.99094222,351.34000000,9.00000000,351.35000000,33.31604000
1601898736016,ETHUSDT,350.99094237,351.35000000,143.18639000,351.38000000,4.37961000
1601898737017,ETHUSDT,350.99094884,351.36000000,0.22057000,351.40000000,83.96071000
1601898738012,ETHUSDT,350.99094884,351.35000000,145.89598000,351.40000000,35.76760000
1601898739003,ETHUSDT,350.99094884,351.35000000,143.18639000,351.39000000,4.51367000
1601898740019,ETHUSDT,350.99094884,351.35000000,143.18639000,351.39000000,4.24861000
1601898741019,ETHUSDT,350.99094884,351.35000000,143.18639000,351.39000000,4.24861000
1601898742012,ETHUSDT,350.99094884,351.35000000,143.18639000,351.39000000,4.24861000
1601898743015,ETHUSDT,350.99095344,351.38000000,79.50000000,351.40000000,39.14999000
1601898744018,ETHUSDT,350.99095348,351.35000000,49.68639000,351.39000000,34.19563000
1601898745004,ETHUSDT,350.99095348,351.35000000,49.68639000,351.38000000,2.73861000
1601898745994,ETHUSDT,350.99095348,351.35000000,49.68639000,351.38000000,2.73861000
1601898746839,ETHUSDT,350.99095348,351.35000000,49.68639000,351.38000000,2.73861000
1601898748016,ETHUSDT,350.99095348,351.35000000,49.68639000,351.38000000,2.73861000
1601898749003,ETHUSDT,350.99095348,351.35000000,49.68639000,351.38000000,2.73861000
1601898750010,ETHUSDT,350.99095348,351.35000000,49.68639000,351.38000000,2.73861000
1601898750987,ETHUSDT,350.99095379,351.35000000,49.68639000,351.39000000,30.00000000
1601898751996,ETHUSDT,350.99095382,351.35000000,49.68639000,351.38000000,2.70618000
1601898753009,ETHUSDT,350.99095382,351.35000000,49.68639000,351.38000000,2.70618000
1601898754012,ETHUSDT,350.99095382,351.35000000,49.68639000,351.38000000,2.70618000
1601898754982,ETHUSDT,350.99095382,351.35000000,49.68639000,351.38000000,2.70618000
1601898755976,ETHUSDT,350.99100373,351.37000000,70.50000000,351.40000000,69.14999000
1601898756757,ETHUSDT,350.99100408,351.37000000,70.50000000,351.40000000,69.11584000
1601898758023,ETHUSDT,350.99100408,351.36000000,52.66118000,351.40000000,76.87564000
1601898758986,ETHUSDT,350.99100408,351.39000000,9.00000000,351.40000000,43.19999000
1601898759998,ETHUSDT,350.99100472,351.39000000,76.00000000,351.40000000,43.19999000
1601898761013,ETHUSDT,350.99101961,351.37000000,46.18910000,351.40000000,43.16672000
1601898762008,ETHUSDT,350.99102263,351.37000000,45.81093000,351.39000000,0.11721000
1601898763014,ETHUSDT,350.99102847,351.37000000,45.81093000,351.38000000,38.00000000
1601898764031,ETHUSDT,350.99104065,351.36000000,6.32700000,351.38000000,41.41067000
1601898764997,ETHUSDT,350.99104065,351.35000000,42.23221000,351.38000000,11.41067000
1601898766021,ETHUSDT,350.99104628,351.37000000,99.48885000,351.38000000,8.00000000
1601898767020,ETHUSDT,350.99105194,351.37000000,87.45962000,351.38000000,8.00000000
1601898768025,ETHUSDT,350.99105194,351.37000000,87.45962000,351.38000000,8.00000000
1601898769025,ETHUSDT,350.99105693,351.38000000,48.50342000,351.39000000,0.00031000
1601898770014,ETHUSDT,350.99107577,351.36000000,146.14999000,351.37000000,30.00000000
1601898770997,ETHUSDT,350.99110865,351.37000000,138.56511000,351.38000000,4.11897000
1601898771995,ETHUSDT,350.99111065,351.38000000,130.58998000,351.39000000,0.00031000
1601898773015,ETHUSDT,350.99111089,351.38000000,130.33080000,351.39000000,30.19554000
1601898774034,ETHUSDT,350.99111182,351.37000000,10.24569000,351.39000000,29.25517000
1601898775019,ETHUSDT,350.99224549,351.37000000,31.09986000,351.39000000,29.45040000
1601898775975,ETHUSDT,350.99226644,351.37000000,31.09986000,351.39000000,0.19523000
1601898777020,ETHUSDT,350.99230348,351.37000000,31.09986000,351.39000000,0.16294000
1601898778019,ETHUSDT,350.99234529,351.40000000,126.59341000,351.41000000,51.81156000
1601898778908,ETHUSDT,350.99236115,351.40000000,33.09341000,351.41000000,51.81156000
1601898780033,ETHUSDT,350.99236115,351.38000000,1.70760000,351.39000000,30.40488000
1601898781040,ETHUSDT,350.99236115,351.38000000,9.00000000,351.39000000,33.67048000
1601898781679,ETHUSDT,350.99236147,351.38000000,93.50000000,351.39000000,30.41093000
1601898783033,ETHUSDT,350.99236147,351.38000000,7.05177000,351.40000000,50.65811000
1601898784003,ETHUSDT,350.99236430,351.39000000,124.59399000,351.40000000,42.68518000
1601898784983,ETHUSDT,350.99236433,351.39000000,30.00000000,351.40000000,73.05861000
1601898785991,ETHUSDT,350.99236433,351.39000000,78.14999000,351.40000000,72.79880000
1601898786852,ETHUSDT,350.99236433,351.38000000,129.20469000,351.39000000,0.15112000
1601898788007,ETHUSDT,350.99237056,351.39000000,111.62814000,351.40000000,30.05688000
1601898788939,ETHUSDT,350.99237398,351.39000000,111.62814000,351.40000000,0.05688000
1601898789990,ETHUSDT,350.99238943,351.39000000,31.12814000,351.40000000,30.05688000
1601898791034,ETHUSDT,350.99238946,351.39000000,0.03415000,351.40000000,82.91763000
1601898791903,ETHUSDT,350.99241679,351.38000000,92.92329000,351.39000000,5.98939000
1601898792971,ETHUSDT,350.99245822,351.37000000,67.09399000,351.39000000,4.94555000
1601898793902,ETHUSDT,350.99245992,351.38000000,125.96470000,351.39000000,3.35606000
1601898795041,ETHUSDT,350.99245992,351.38000000,33.46470000,351.39000000,3.35606000
1601898795640,ETHUSDT,350.99245992,351.38000000,33.46470000,351.39000000,3.35606000
1601898797038,ETHUSDT,350.99245992,351.38000000,33.46470000,351.39000000,33.35606000
1601898798032,ETHUSDT,350.99246458,351.37000000,66.00000000,351.39000000,33.61587000
1601898798998,ETHUSDT,350.99246458,351.37000000,67.09399000,351.39000000,3.35606000
1601898799955,ETHUSDT,350.99246461,351.37000000,67.09399000,351.39000000,3.32303000
1601898800901,ETHUSDT,350.99246461,351.37000000,66.00000000,351.39000000,3.32303000
1601898802049,ETHUSDT,350.99246461,351.37000000,66.00000000,351.39000000,3.32303000
1601898802996,ETHUSDT,350.99253406,351.37000000,66.00000000,351.39000000,3.58284000
1601898803847,ETHUSDT,350.99253987,351.37000000,66.00000000,351.39000000,3.32303000
1601898805044,ETHUSDT,350.99258287,351.37000000,66.00000000,351.38000000,30.00000000
1601898806046,ETHUSDT,350.99258287,351.37000000,66.00000000,351.39000000,3.32303000
1601898807048,ETHUSDT,350.99258287,351.38000000,30.00000000,351.39000000,33.46810000
1601898807984,ETHUSDT,350.99258290,351.38000000,103.26115000,351.39000000,3.28999000
1601898809047,ETHUSDT,350.99258290,351.38000000,34.82407000,351.39000000,3.28999000
1601898809872,ETHUSDT,350.99260790,351.38000000,34.75127000,351.39000000,3.28999000
1601898810618,ETHUSDT,350.99261585,351.38000000,88.25127000,351.39000000,3.28999000
1601898812038,ETHUSDT,350.99261585,351.38000000,88.25127000,351.39000000,3.28999000
1601898813015,ETHUSDT,350.99270709,351.38000000,83.42720000,351.39000000,33.28999000
1601898814015,ETHUSDT,350.99270717,351.38000000,59.73380000,351.39000000,33.20599000
1601898814996,ETHUSDT,350.99270717,351.38000000,127.94623000,351.39000000,33.20599000
1601898816016,ETHUSDT,350.99270720,351.38000000,127.94623000,351.39000000,3.17420000
1601898817048,ETHUSDT,350.99270720,351.38000000,127.94623000,351.39000000,3.17420000
1601898818052,ETHUSDT,350.99270720,351.38000000,127.94623000,351.39000000,3.17420000
1601898818896,ETHUSDT,350.99272733,351.38000000,34.94623000,351.39000000,3.17420000
1601898819898,ETHUSDT,350.99272733,351.38000000,30.00000000,351.39000000,3.17420000
1601898821051,ETHUSDT,350.99272765,351.37000000,72.11856000,351.38000000,0.14507000
1601898822020,ETHUSDT,350.99272885,351.38000000,100.78322000,351.39000000,3.17420000
1601898823025,ETHUSDT,350.99272885,351.38000000,100.78322000,351.39000000,30.00000000
1601898824051,ETHUSDT,350.99272889,351.38000000,106.68179000,351.40000000,41.27341000
1601898825024,ETHUSDT,350.99272889,351.38000000,100.62853000,351.40000000,41.27341000
1601898826036,ETHUSDT,350.99333178,351.35000000,30.12000000,351.36000000,0.14507000
1601898827038,ETHUSDT,350.99333178,351.35000000,123.62000000,351.36000000,0.14507000
1601898828058,ETHUSDT,350.99333178,351.35000000,123.62000000,351.36000000,0.14507000
1601898829055,ETHUSDT,350.99333178,351.35000000,123.62000000,351.36000000,0.14507000
1601898830034,ETHUSDT,350.99333217,351.35000000,129.53922000,351.36000000,0.14507000
1601898830921,ETHUSDT,350.99333217,351.35000000,30.04583000,351.36000000,0.14507000
1601898832016,ETHUSDT,350.99333217,351.35000000,129.48077000,351.36000000,0.14507000
1601898833054,ETHUSDT,350.99333220,351.36000000,104.47127000,351.37000000,0.02950000
1601898834059,ETHUSDT,350.99333220,351.36000000,134.47127000,351.37000000,0.02950000
1601898835061,ETHUSDT,350.99333253,351.36000000,89.50000000,351.37000000,0.02950000
1601898836060,ETHUSDT,350.99333253,351.36000000,94.74310000,351.37000000,0.02950000
1601898837052,ETHUSDT,350.99333612,351.36000000,115.53806000,351.37000000,0.02950000
1601898838062,ETHUSDT,350.99334533,351.35000000,0.04583000,351.36000000,39.37219000
1601898839055,ETHUSDT,350.99334537,351.35000000,0.00083000,351.36000000,39.37219000
1601898840058,ETHUSDT,350.99334537,351.35000000,0.00083000,351.36000000,39.37219000
1601898841058,ETHUSDT,350.99334540,351.35000000,0.00083000,351.36000000,39.91818000
1601898842009,ETHUSDT,350.99334540,351.35000000,0.00083000,351.36000000,39.91818000
1601898843027,ETHUSDT,350.99334540,351.35000000,0.00083000,351.36000000,39.91818000
1601898844064,ETHUSDT,350.99337694,351.30000000,0.18860000,351.31000000,53.93697000
1601898845041,ETHUSDT,350.99340211,351.34000000,0.46571000,351.35000000,78.65296000
1601898846056,ETHUSDT,350.99340211,351.31000000,30.44708000,351.32000000,1.18379000
1601898847063,ETHUSDT,350.99340216,351.29000000,33.03000000,351.32000000,1.18379000
1601898848062,ETHUSDT,350.99340292,351.30000000,29.44877000,351.32000000,1.18379000
1601898849064,ETHUSDT,350.99359076,351.29000000,6.44598000,351.31000000,30.77930000
1601898849993,ETHUSDT,350.99359076,351.29000000,6.44598000,351.30000000,30.26105000
1601898850980,ETHUSDT,350.99359076,351.29000000,55.44598000,351.30000000,30.26105000
1601898852061,ETHUSDT,350.99359108,351.29000000,6.44598000,351.30000000,30.26105000
1601898853064,ETHUSDT,350.99370336,351.10000000,2.40000000,351.15000000,2.08527000
1601898854058,ETHUSDT,350.99373372,351.07000000,76.90048000,351.10000000,2.69488000
1601898855057,ETHUSDT,350.99373431,351.07000000,28.39334000,351.08000000,1.49443000
1601898856066,ETHUSDT,350.99376913,351.08000000,9.00000000,351.10000000,3.38994000
1601898857052,ETHUSDT,350.99377082,351.11000000,133.73967000,351.12000000,2.86204000
1601898858066,ETHUSDT,350.99377113,351.11000000,134.88382000,351.12000000,2.67611000
1601898859066,ETHUSDT,350.99377249,351.11000000,134.88382000,351.14000000,0.10700000
1601898860028,ETHUSDT,350.99524812,351.11000000,6.00000000,351.12000000,91.68101000
1601898861067,ETHUSDT,350.99631642,351.10000000,79.15469000,351.11000000,38.83981000
1601898862050,ETHUSDT,350.99655876,351.10000000,109.15469000,351.11000000,32.83577000
1601898863064,ETHUSDT,350.99655987,351.20000000,9.00000000,351.21000000,96.34416000
1601898864061,ETHUSDT,350.99656174,351.15000000,30.00000000,351.17000000,36.00404000
1601898864997,ETHUSDT,350.99689495,351.16000000,6.45075000,351.20000000,8.81292000
1601898866066,ETHUSDT,350.99754222,351.17000000,9.00000000,351.18000000,8.73212000
1601898867046,ETHUSDT,350.99757792,351.15000000,101.11139000,351.16000000,58.78403000
1601898868045,ETHUSDT,350.99758921,351.11000000,31.06693000,351.13000000,2.68171000
1601898869054,ETHUSDT,350.99761304,351.16000000,134.52681000,351.17000000,2.13000000
1601898870050,ETHUSDT,350.99761350,351.16000000,30.00000000,351.17000000,8.13404000
1601898871033,ETHUSDT,350.99761982,351.07000000,30.00000000,351.08000000,29.81601000
1601898872032,ETHUSDT,350.99771875,351.07000000,30.00000000,351.08000000,30.00000000
1601898872994,ETHUSDT,350.99773629,351.07000000,30.00000000,351.09000000,36.97883000
1601898874061,ETHUSDT,350.99773740,351.06000000,36.73902000,351.08000000,6.00404000
1601898875066,ETHUSDT,350.99773740,351.07000000,39.00000000,351.09000000,6.97883000
1601898876049,ETHUSDT,350.99774790,351.07000000,30.00000000,351.08000000,30.00000000
1601898877057,ETHUSDT,350.99774790,351.07000000,30.00000000,351.09000000,6.97883000
1601898878060,ETHUSDT,350.99774840,351.07000000,30.00000000,351.08000000,30.00000000
1601898879053,ETHUSDT,350.99775744,351.07000000,30.00000000,351.08000000,40.11404000
1601898880063,ETHUSDT,350.99775744,351.07000000,84.50000000,351.08000000,34.11000000
1601898881055,ETHUSDT,350.99775922,351.07000000,84.50000000,351.08000000,4.11000000
1601898882059,ETHUSDT,350.99776028,351.07000000,54.50000000,351.08000000,34.07671000
1601898883038,ETHUSDT,350.99776130,351.06000000,3.73902000,351.07000000,36.00404000
1601898884024,ETHUSDT,350.99776130,351.06000000,33.73902000,351.07000000,6.00404000
1601898885065,ETHUSDT,350.99776130,351.06000000,33.73902000,351.08000000,34.07671000
1601898885974,ETHUSDT,350.99776130,351.06000000,33.73902000,351.07000000,6.00404000
1601898887071,ETHUSDT,350.99776130,351.06000000,33.73902000,351.08000000,34.07671000
1601898888061,ETHUSDT,350.99776214,351.04000000,30.00000000,351.07000000,6.00404000
1601898888989,ETHUSDT,350.99776262,351.04000000,30.00000000,351.07000000,3.32995000
1601898890060,ETHUSDT,350.99776288,351.03000000,34.09112000,351.08000000,36.96436000
1601898891065,ETHUSDT,350.99776288,351.05000000,30.00000000,351.08000000,34.07671000
1601898892058,ETHUSDT,350.99776301,351.07000000,30.00000000,351.08000000,33.45071000
1601898892717,ETHUSDT,350.99776301,351.07000000,30.00000000,351.08000000,33.45071000
1601898894061,ETHUSDT,350.99780665,351.07000000,33.50575000,351.08000000,3.45071000
1601898895070,ETHUSDT,350.99780674,351.07000000,31.93042000,351.08000000,3.45071000
1601898896047,ETHUSDT,350.99781451,351.07000000,31.98038000,351.08000000,33.45071000
1601898896998,ETHUSDT,350.99785205,351.07000000,90.44114000,351.08000000,3.45071000
1601898897969,ETHUSDT,350.99785206,351.04000000,2.45596000,351.08000000,33.57318000
1601898899015,ETHUSDT,350.99793708,351.03000000,0.56275000,351.07000000,0.19516000
1601898899990,ETHUSDT,350.99794290,351.05000000,7.37546000,351.08000000,32.27298000
1601898901058,ETHUSDT,350.99794554,351.03000000,30.00000000,351.05000000,30.00000000
1601898901904,ETHUSDT,350.99794554,351.03000000,30.00000000,351.05000000,30.00000000
1601898902995,ETHUSDT,350.99794554,351.03000000,30.00000000,351.05000000,30.00000000
1601898903977,ETHUSDT,350.99812846,351.04000000,7.16199000,351.08000000,32.42057000
1601898905065,ETHUSDT,350.99812846,351.03000000,30.00000000,351.06000000,30.00000000
1601898906076,ETHUSDT,350.99812846,351.03000000,30.00000000,351.06000000,30.00000000
1601898907069,ETHUSDT,350.99812874,351.03000000,30.00000000,351.06000000,30.04745000
1601898908048,ETHUSDT,350.99812874,351.03000000,30.00000000,351.06000000,30.04745000
1601898909064,ETHUSDT,350.99812874,351.03000000,29.95255000,351.06000000,30.04745000
1601898910052,ETHUSDT,350.99822928,351.03000000,30.21022000,351.06000000,30.04745000
1601898911046,ETHUSDT,350.99822928,351.03000000,29.90510000,351.06000000,30.04745000
1601898912070,ETHUSDT,350.99827558,351.05000000,29.96644000,351.06000000,29.96867000
1601898912928,ETHUSDT,350.99829748,351.03000000,29.99507000,351.06000000,29.93428000
1601898914008,ETHUSDT,350.99829748,351.03000000,29.99507000,351.06000000,29.93428000
1601898914616,ETHUSDT,350.99829748,351.03000000,29.99507000,351.06000000,29.93428000
1601898916078,ETHUSDT,350.99837926,351.15000000,97.34583000,351.16000000,9.23297000
1601898917075,ETHUSDT,350.99839048,351.20000000,1.98489000,351.21000000,47.41026000
1601898918072,ETHUSDT,350.99839102,351.20000000,1.98937000,351.23000000,3.41658000
1601898918920,ETHUSDT,350.99840322,351.22000000,27.01171000,351.23000000,29.00009000
1601898920008,ETHUSDT,350.99841984,351.23000000,6.21313000,351.28000000,30.00000000
1601898921080,ETHUSDT,350.99842572,351.23000000,9.00000000,351.26000000,30.18971000
1601898922076,ETHUSDT,350.99842578,351.24000000,29.90000000,351.25000000,96.53513000
1601898923078,ETHUSDT,350.99842763,351.20000000,0.20000000,351.22000000,4.55323000
1601898924071,ETHUSDT,350.99846292,351.21000000,30.00000000,351.22000000,61.12183000
1601898925083,ETHUSDT,350.99851036,351.18000000,30.00000000,351.20000000,3.29873000
1601898926052,ETHUSDT,350.99851036,351.18000000,30.00000000,351.20000000,3.29873000
1601898927029,ETHUSDT,350.99851036,351.18000000,30.00000000,351.20000000,3.29873000
1601898928078,ETHUSDT,350.99869153,351.20000000,118.72521000,351.21000000,30.00000000
1601898928976,ETHUSDT,350.99869157,351.20000000,108.50000000,351.21000000,29.93387000
1601898930012,ETHUSDT,350.99869157,351.20000000,30.00000000,351.21000000,29.93387000
1601898931061,ETHUSDT,350.99869190,351.20000000,29.96873000,351.21000000,29.93387000
1601898931951,ETHUSDT,350.99869218,351.20000000,29.96873000,351.21000000,86.43908000
1601898933081,ETHUSDT,350.99869218,351.23000000,30.00000000,351.24000000,91.48807000
1601898934084,ETHUSDT,350.99869227,351.20000000,29.78548000,351.21000000,2.65998000
1601898935043,ETHUSDT,350.99869800,351.20000000,29.78548000,351.21000000,32.65998000
1601898936076,ETHUSDT,350.99869800,351.19000000,30.00000000,351.20000000,3.37277000
1601898937078,ETHUSDT,350.99890509,351.19000000,30.00000000,351.20000000,45.33934000
1601898938085,ETHUSDT,350.99890509,351.19000000,30.00000000,351.20000000,16.10261000
1601898938923,ETHUSDT,350.99890509,351.19000000,30.00000000,351.20000000,16.10261000
1601898940065,ETHUSDT,350.99890581,351.19000000,29.91227000,351.20000000,12.00000000
1601898940411,ETHUSDT,350.99890581,351.19000000,29.91227000,351.20000000,12.00000000
1601898941920,ETHUSDT,350.99913842,351.19000000,29.79539000,351.20000000,12.00000000
1601898942952,ETHUSDT,350.99913847,351.19000000,29.70779000,351.20000000,24.00000000
1601898944057,ETHUSDT,350.99913847,351.19000000,29.70779000,351.20000000,24.00000000
1601898945085,ETHUSDT,350.99914073,351.19000000,124.67452000,351.20000000,11.96855000
1601898946055,ETHUSDT,350.99914073,351.19000000,124.67452000,351.20000000,11.96855000
1601898946930,ETHUSDT,350.99914073,351.19000000,124.67452000,351.20000000,11.96855000
1601898948087,ETHUSDT,350.99929383,351.19000000,17.62006000,351.20000000,11.99841000
1601898949032,ETHUSDT,350.99929383,351.19000000,17.62006000,351.20000000,11.99841000
1601898949936,ETHUSDT,350.99938782,351.19000000,12.95924000,351.20000000,11.99841000
1601898951041,ETHUSDT,350.99938782,351.19000000,12.95924000,351.20000000,11.99841000
1601898951929,ETHUSDT,350.99938782,351.19000000,12.95924000,351.20000000,11.99841000
1601898952928,ETHUSDT,350.99938782,351.19000000,12.95924000,351.20000000,11.99841000
1601898953628,ETHUSDT,350.99939933,351.19000000,68.36824000,351.20000000,11.96511000
1601898954971,ETHUSDT,350.99939937,351.19000000,68.28051000,351.20000000,11.96511000
1601898955999,ETHUSDT,350.99944099,351.19000000,10.78051000,351.20000000,11.96511000
1601898956722,ETHUSDT,350.99953895,351.19000000,8.31077000,351.20000000,11.93525000
1601898958057,ETHUSDT,350.99953895,351.19000000,8.31077000,351.20000000,11.93525000
1601898959067,ETHUSDT,350.99966953,351.19000000,52.31077000,351.20000000,11.93525000
1601898960087,ETHUSDT,350.99966957,351.19000000,58.22805000,351.20000000,11.93525000
1601898961076,ETHUSDT,350.99966992,351.19000000,8.02234000,351.20000000,11.93525000
1601898962066,ETHUSDT,350.99981499,351.19000000,96.99248000,351.20000000,41.90161000
1601898962780,ETHUSDT,351.00135488,351.18000000,9.02700000,351.20000000,41.90161000
1601898964047,ETHUSDT,351.00137365,351.19000000,118.50000000,351.20000000,54.74884000
1601898965075,ETHUSDT,351.00148366,351.19000000,29.91227000,351.20000000,108.04651000
1601898966089,ETHUSDT,351.00148398,351.16000000,45.52149000,351.20000000,54.98956000
1601898967090,ETHUSDT,351.00148869,351.10000000,30.00000000,351.11000000,2.04063000
1601898968095,ETHUSDT,351.00148901,351.07000000,2.20000000,351.09000000,1.42766000
1601898969049,ETHUSDT,351.00148901,351.07000000,2.20000000,351.08000000,94.82766000
1601898970009,ETHUSDT,351.00148903,351.07000000,2.11227000,351.08000000,104.79514000
1601898971071,ETHUSDT,351.00151233,351.07000000,2.11227000,351.08000000,126.29514000
1601898972076,ETHUSDT,351.00156676,351.02000000,2.20000000,351.04000000,30.00000000
1601898973020,ETHUSDT,351.00175247,351.02000000,2.76604000,351.04000000,30.00000000
1601898974082,ETHUSDT,351.00182794,351.02000000,2.76604000,351.04000000,29.80219000
1601898975061,ETHUSDT,351.00182858,351.02000000,37.56796000,351.03000000,0.00073000
1601898975880,ETHUSDT,351.00182858,351.02000000,37.56796000,351.03000000,0.00073000
1601898977078,ETHUSDT,351.00192395,351.02000000,7.34445000,351.03000000,0.00073000
1601898978077,ETHUSDT,351.00192396,351.03000000,10.07805000,351.04000000,29.76866000
1601898979053,ETHUSDT,351.00192479,351.03000000,32.20000000,351.04000000,29.76866000
1601898980006,ETHUSDT,351.00192480,351.03000000,2.05547000,351.05000000,30.00000000
1601898981071,ETHUSDT,351.00192522,351.00000000,0.81615000,351.03000000,5.79553000
1601898982089,ETHUSDT,351.00192908,351.02000000,83.37136000,351.03000000,2.90007000
1601898983090,ETHUSDT,351.00192908,351.02000000,118.30171000,351.03000000,2.90007000
1601898984075,ETHUSDT,351.00192918,351.02000000,30.00000000,351.03000000,2.90007000
1601898985037,ETHUSDT,351.00193834,351.02000000,138.22979000,351.03000000,2.90007000
1601898985981,ETHUSDT,351.00193834,351.02000000,138.22979000,351.03000000,2.90007000
1601898986942,ETHUSDT,351.00193834,351.02000000,138.22979000,351.03000000,2.86711000
1601898988078,ETHUSDT,351.00262655,351.02000000,30.00000000,351.03000000,2.86711000
1601898988984,ETHUSDT,351.00262655,351.02000000,30.00000000,351.03000000,2.86711000
1601898990093,ETHUSDT,351.00293334,351.00000000,0.81615000,351.01000000,37.83082000
1601898991045,ETHUSDT,351.00293334,351.00000000,0.81615000,351.01000000,37.83082000
1601898992021,ETHUSDT,351.00304223,351.00000000,0.81615000,351.01000000,101.38153000
1601898992650,ETHUSDT,351.00304223,351.00000000,0.81615000,351.01000000,101.38153000
1601898993892,ETHUSDT,351.00304223,351.00000000,0.81615000,351.01000000,101.38153000
1601898995096,ETHUSDT,351.00307279,351.00000000,21.14944000,351.01000000,30.00000000
1601898995972,ETHUSDT,351.00307279,351.00000000,20.61889000,351.01000000,30.00000000
1601898997111,ETHUSDT,351.00307279,351.00000000,20.61889000,351.01000000,30.00000000
1601898998065,ETHUSDT,351.00307279,351.00000000,20.61889000,351.01000000,30.00000000
1601898999086,ETHUSDT,351.00307279,351.00000000,20.61889000,351.01000000,30.00000000
1601898999720,ETHUSDT,351.00315912,351.00000000,20.53116000,351.01000000,30.00000000
1601899001091,ETHUSDT,351.00315912,351.00000000,56.11535000,351.01000000,30.00000000
1601899002100,ETHUSDT,351.00322359,351.01000000,1.49515000,351.03000000,32.86711000
1601899003040,ETHUSDT,351.00424352,351.02000000,36.94007000,351.03000000,48.81378000
1601899004042,ETHUSDT,351.00424352,351.02000000,36.94007000,351.03000000,2.83556000
1601899005064,ETHUSDT,351.00424352,351.02000000,1.32166000,351.03000000,32.83556000
1601899005836,ETHUSDT,351.00511594,351.02000000,36.74466000,351.03000000,2.83556000
1601899007019,ETHUSDT,351.00511594,351.02000000,36.74466000,351.03000000,2.83556000
1601899008062,ETHUSDT,351.00513626,351.02000000,1.32166000,351.03000000,32.83556000
1601899009092,ETHUSDT,351.00513626,351.02000000,1.32166000,351.03000000,32.83556000
1601899010085,ETHUSDT,351.00553387,351.01000000,30.27373000,351.02000000,8.54658000
1601899011112,ETHUSDT,351.00560359,351.01000000,30.00000000,351.02000000,8.51249000
1601899011966,ETHUSDT,351.00561210,351.02000000,130.87418000,351.03000000,2.83556000
1601899013099,ETHUSDT,351.00568280,351.03000000,6.80099000,351.05000000,30.00000000
1601899014095,ETHUSDT,351.00671910,351.00000000,20.41428000,351.04000000,45.95238000
1601899014929,ETHUSDT,351.00671910,351.00000000,55.99408000,351.03000000,30.00000000
1601899015945,ETHUSDT,351.00671910,351.01000000,0.90384000,351.03000000,30.00000000
1601899017039,ETHUSDT,351.00672423,351.00000000,20.67658000,351.01000000,30.00000000
1601899018016,ETHUSDT,351.00680320,351.00000000,50.41428000,351.01000000,30.00000000
1601899019035,ETHUSDT,351.00689077,351.00000000,55.73178000,351.02000000,29.96788000
1601899020115,ETHUSDT,351.00689077,351.02000000,0.60890000,351.04000000,30.76573000
1601899020926,ETHUSDT,351.00693294,351.01000000,5.26497000,351.03000000,72.72796000
1601899022066,ETHUSDT,351.00693328,351.01000000,25.24600000,351.03000000,72.72796000
1601899022981,ETHUSDT,351.00693328,351.00000000,50.51882000,351.03000000,72.72796000
1601899024110,ETHUSDT,351.00693328,351.00000000,50.51882000,351.03000000,72.72796000
1601899025113,ETHUSDT,351.00693326,351.00000000,19.52437000,351.01000000,89.95991000
1601899026038,ETHUSDT,351.00711693,351.00000000,19.52437000,351.01000000,29.80881000
1601899027084,ETHUSDT,351.00745217,351.01000000,74.62897000,351.02000000,9.98764000
1601899028104,ETHUSDT,351.00745217,351.01000000,65.50000000,351.02000000,39.98764000
1601899029084,ETHUSDT,351.00763734,351.00000000,49.52437000,351.02000000,36.31461000
1601899030089,ETHUSDT,351.00764075,351.01000000,66.01602000,351.02000000,6.31461000
1601899031089,ETHUSDT,351.00764104,351.01000000,96.01602000,351.02000000,6.31461000
1601899032036,ETHUSDT,351.00764107,351.01000000,89.44322000,351.02000000,5.26461000
1601899033079,ETHUSDT,351.00764107,351.00000000,49.52437000,351.02000000,35.26461000
1601899034069,ETHUSDT,351.00764107,351.01000000,30.00000000,351.02000000,5.23177000
1601899035072,ETHUSDT,351.00771415,351.00000000,25.11062000,351.02000000,35.13356000
1601899036051,ETHUSDT,351.00775348,351.00000000,20.18521000,351.02000000,35.13356000
1601899037117,ETHUSDT,351.00781925,351.00000000,39.99432000,351.01000000,30.53271000
1601899038122,ETHUSDT,351.00790650,351.00000000,38.92340000,351.01000000,0.53271000
1601899039122,ETHUSDT,351.00790776,351.01000000,59.00000000,351.02000000,40.26148000
1601899040119,ETHUSDT,351.00789206,350.90000000,6.00000000,350.91000000,127.67544000
1601899041087,ETHUSDT,351.00791225,350.90000000,6.00000000,350.91000000,125.18169000
1601899042012,ETHUSDT,351.00794437,350.90000000,6.00000000,350.91000000,124.99679000
1601899043125,ETHUSDT,351.00794733,350.90000000,6.00000000,350.91000000,124.46408000
1601899044088,ETHUSDT,351.00797569,350.90000000,6.44318000,350.91000000,124.46408000
1601899045051,ETHUSDT,351.00797569,350.90000000,6.44318000,350.91000000,124.46408000
1601899046102,ETHUSDT,351.00797569,350.90000000,7.54229000,350.91000000,124.46408000
1601899047122,ETHUSDT,351.00797454,350.90000000,2.14995000,350.91000000,74.42996000
1601899047972,ETHUSDT,351.00799004,350.90000000,2.07501000,350.91000000,74.42996000
1601899049099,ETHUSDT,351.00799481,350.90000000,0.36975000,350.91000000,74.42996000
1601899050093,ETHUSDT,351.00799587,350.90000000,0.36975000,350.91000000,74.39613000
1601899050847,ETHUSDT,351.00799587,350.90000000,0.36975000,350.91000000,74.39613000
1601899051896,ETHUSDT,351.00799587,350.90000000,0.36975000,350.91000000,74.39613000
1601899052924,ETHUSDT,351.00799587,350.90000000,0.36975000,350.91000000,74.39613000
1601899053881,ETHUSDT,351.00799587,350.90000000,0.36975000,350.91000000,74.39613000
1601899055113,ETHUSDT,351.00799587,350.90000000,0.36975000,350.91000000,74.39613000
1601899055992,ETHUSDT,351.00799587,350.90000000,0.36975000,350.91000000,74.39613000
1601899057126,ETHUSDT,351.00810550,350.90000000,0.00017000,350.91000000,74.39613000
1601899058051,ETHUSDT,351.00813144,350.90000000,0.00017000,350.91000000,74.90047000
1601899059046,ETHUSDT,351.00813144,350.90000000,0.00017000,350.91000000,74.90047000
1601899060127,ETHUSDT,351.00813144,350.90000000,0.00017000,350.91000000,74.90047000
1601899061108,ETHUSDT,351.00813144,350.90000000,0.00017000,350.91000000,74.90047000
1601899062107,ETHUSDT,351.00813026,350.87000000,3.32962000,350.88000000,29.80000000
1601899063129,ETHUSDT,351.00813054,350.87000000,3.32962000,350.88000000,29.80000000
1601899064100,ETHUSDT,351.00812901,350.87000000,3.32962000,350.88000000,24.95818000
1601899064892,ETHUSDT,351.00812900,350.87000000,3.32962000,350.88000000,24.92428000
1601899066059,ETHUSDT,351.00812727,350.87000000,3.32962000,350.88000000,19.50255000
1601899067011,ETHUSDT,351.00812727,350.87000000,3.32962000,350.88000000,65.68497000
1601899068042,ETHUSDT,351.00812727,350.87000000,3.32962000,350.88000000,65.68497000
1601899068739,ETHUSDT,351.00812727,350.87000000,3.32962000,350.88000000,65.68497000
1601899069892,ETHUSDT,351.00812727,350.87000000,3.32962000,350.88000000,65.68497000
1601899071077,ETHUSDT,351.00813854,350.87000000,30.00000000,350.88000000,76.18242000
1601899072069,ETHUSDT,351.00813891,350.87000000,2.65739000,350.88000000,79.35646000
1601899073118,ETHUSDT,351.00813890,350.87000000,2.65739000,350.88000000,79.32378000
1601899074054,ETHUSDT,351.00818797,350.87000000,2.65739000,350.88000000,29.96732000
1601899075138,ETHUSDT,351.00818797,350.87000000,2.65739000,350.88000000,29.96732000
1601899076097,ETHUSDT,351.00818797,350.87000000,2.65739000,350.88000000,29.96732000
1601899076805,ETHUSDT,351.00819367,350.87000000,2.65739000,350.88000000,86.22523000
1601899078120,ETHUSDT,351.00821755,350.86000000,39.78324000,350.87000000,6.74001000
1601899079137,ETHUSDT,351.00821755,350.86000000,1.20313000,350.87000000,48.71026000
1601899080104,ETHUSDT,351.00821784,350.86000000,0.33958000,350.87000000,103.36396000
1601899081075,ETHUSDT,351.00821783,350.85000000,39.26558000,350.87000000,100.15878000
1601899082140,ETHUSDT,351.00821783,350.82000000,36.23907000,350.86000000,3.40176000
1601899083099,ETHUSDT,351.00823706,350.82000000,36.17997000,350.86000000,3.40176000
1601899084100,ETHUSDT,351.00823706,350.82000000,30.26558000,350.86000000,4.37636000
1601899085138,ETHUSDT,351.00823706,350.84000000,0.92986000,350.86000000,1.51054000
1601899086128,ETHUSDT,351.00823704,350.85000000,39.32399000,350.86000000,0.94460000
1601899087138,ETHUSDT,351.00828203,350.85000000,9.32399000,350.86000000,0.94460000
1601899088116,ETHUSDT,351.00828231,350.85000000,0.32399000,350.86000000,54.44460000
1601899089091,ETHUSDT,351.00830125,350.85000000,0.32399000,350.86000000,54.08873000
1601899090079,ETHUSDT,351.00830125,350.85000000,0.32399000,350.86000000,87.26965000
1601899091138,ETHUSDT,351.00830125,350.82000000,30.00000000,350.86000000,87.20897000
1601899091859,ETHUSDT,351.00830121,350.82000000,30.10838000,350.85000000,1.02032000
1601899093144,ETHUSDT,351.00831256,350.83000000,0.45858000,350.85000000,1.02032000
1601899094106,ETHUSDT,351.00831195,350.84000000,119.69128000,350.85000000,0.05291000
1601899095121,ETHUSDT,351.00832049,350.85000000,129.96140000,350.86000000,1.16873000
1601899096049,ETHUSDT,351.00832078,350.85000000,0.79646000,350.86000000,33.89449000
1601899097139,ETHUSDT,351.00832307,350.85000000,0.12431000,350.86000000,33.86221000
1601899098147,ETHUSDT,351.00832307,350.85000000,30.12431000,350.86000000,31.13645000
1601899099110,ETHUSDT,351.00832307,350.85000000,30.12431000,350.86000000,1.13645000
1601899100140,ETHUSDT,351.00832307,350.85000000,30.12431000,350.86000000,1.13645000
1601899100986,ETHUSDT,351.00832307,350.85000000,30.12431000,350.86000000,1.13645000
1601899102141,ETHUSDT,351.00848732,350.80000000,4.79032000,350.82000000,89.94078000
1601899103128,ETHUSDT,351.00848732,350.80000000,4.79032000,350.81000000,135.10473000
1601899104133,ETHUSDT,351.00849888,350.80000000,4.79032000,350.81000000,96.60473000
1601899105140,ETHUSDT,351.00854115,350.80000000,4.79032000,350.81000000,135.10473000
1601899106122,ETHUSDT,351.00853881,350.80000000,4.79032000,350.81000000,91.86526000
1601899107109,ETHUSDT,351.00853881,350.80000000,4.79032000,350.81000000,91.86526000
1601899108136,ETHUSDT,351.00853881,350.80000000,4.79032000,350.81000000,91.86526000
1601899109139,ETHUSDT,351.00904595,350.80000000,4.79032000,350.81000000,91.54742000
1601899110104,ETHUSDT,351.00906667,350.80000000,4.79032000,350.81000000,89.11447000
1601899111149,ETHUSDT,351.00907529,350.80000000,4.79032000,350.81000000,138.82777000
1601899112138,ETHUSDT,351.00907529,350.80000000,4.79032000,350.81000000,138.82777000
1601899113114,ETHUSDT,351.00907529,350.80000000,4.79032000,350.81000000,138.82777000
1601899114115,ETHUSDT,351.00924478,350.80000000,4.79032000,350.81000000,138.79431000
1601899115128,ETHUSDT,351.00924478,350.80000000,4.79032000,350.81000000,138.79431000
1601899116111,ETHUSDT,351.00924478,350.80000000,4.79032000,350.81000000,134.79431000
1601899117117,ETHUSDT,351.00924478,350.80000000,4.79032000,350.81000000,128.29431000
1601899118132,ETHUSDT,351.00924478,350.80000000,4.79032000,350.81000000,141.29431000
1601899118913,ETHUSDT,351.00924478,350.80000000,4.79032000,350.81000000,141.29431000
1601899120069,ETHUSDT,351.00924916,350.80000000,4.79032000,350.81000000,125.26092000
1601899121119,ETHUSDT,351.00924916,350.80000000,4.79032000,350.81000000,138.26092000
1601899122155,ETHUSDT,351.00926156,350.80000000,4.05473000,350.81000000,138.80840000
1601899123129,ETHUSDT,351.00926156,350.80000000,4.05473000,350.81000000,138.80840000
1601899124123,ETHUSDT,351.00926156,350.80000000,4.05473000,350.81000000,138.80840000
1601899125123,ETHUSDT,351.00926809,350.80000000,3.99964000,350.81000000,137.08635000
1601899126080,ETHUSDT,351.00925546,350.80000000,3.47163000,350.81000000,112.08635000
1601899127122,ETHUSDT,351.00925387,350.80000000,0.39971000,350.81000000,114.75061000
1601899128127,ETHUSDT,351.00925605,350.80000000,0.39971000,350.81000000,63.71769000
1601899129117,ETHUSDT,351.00925519,350.80000000,0.31271000,350.81000000,62.07959000
1601899130124,ETHUSDT,351.00925519,350.80000000,0.31271000,350.81000000,62.07959000
1601899131124,ETHUSDT,351.00925519,350.80000000,0.31271000,350.81000000,62.07959000
1601899132126,ETHUSDT,351.00925519,350.80000000,0.31271000,350.81000000,62.07959000
1601899133130,ETHUSDT,351.00925504,350.80000000,0.31271000,350.81000000,61.82959000
1601899134144,ETHUSDT,351.00925487,350.80000000,0.31271000,350.81000000,61.48521000
1601899135149,ETHUSDT,351.00925471,350.80000000,0.00002000,350.81000000,65.19972000
1601899136162,ETHUSDT,351.00924880,350.64000000,0.90980000,350.65000000,52.98691000
1601899137151,ETHUSDT,351.00920361,350.56000000,97.03445000,350.58000000,0.00033000
1601899138155,ETHUSDT,351.00915543,350.62000000,80.00000000,350.63000000,14.93200000
1601899139147,ETHUSDT,351.00913684,350.63000000,104.79280000,350.64000000,30.00000000
1601899140136,ETHUSDT,351.00913684,350.59000000,9.00000000,350.62000000,5.24300000
1601899141166,ETHUSDT,351.00913178,350.60000000,6.00000000,350.62000000,76.64006000
1601899142157,ETHUSDT,351.00913178,350.63000000,93.00358000,350.64000000,30.00000000
1601899143138,ETHUSDT,351.00929205,350.63000000,88.67463000,350.64000000,29.96623000
1601899144156,ETHUSDT,351.00937010,350.60000000,144.07829000,350.61000000,9.82847000
1601899145163,ETHUSDT,351.00936617,350.60000000,152.73037000,350.61000000,0.00047000
1601899146166,ETHUSDT,351.00956723,350.60000000,45.76234000,350.61000000,30.00047000
1601899147163,ETHUSDT,351.00956239,350.62000000,7.41605000,350.64000000,32.15515000
1601899147896,ETHUSDT,351.00962805,350.63000000,4.12010000,350.64000000,32.15515000
1601899149142,ETHUSDT,351.00962235,350.63000000,4.06375000,350.64000000,87.66576000
1601899150123,ETHUSDT,351.00959976,350.63000000,6.80330000,350.64000000,73.53000000
1601899151133,ETHUSDT,351.00959973,350.63000000,6.80330000,350.64000000,73.49653000
1601899152161,ETHUSDT,351.00959973,350.63000000,6.80330000,350.64000000,31.50000000
1601899153145,ETHUSDT,351.00959603,350.61000000,41.03960000,350.62000000,0.88589000
1601899154159,ETHUSDT,351.00959545,350.63000000,41.30701000,350.64000000,50.61833000
1601899155168,ETHUSDT,351.00959466,350.61000000,0.23190000,350.62000000,0.03334000
1601899156166,ETHUSDT,351.01004160,350.66000000,9.00000000,350.67000000,21.03104000
1601899157163,ETHUSDT,351.01004157,350.64000000,47.23279000,350.65000000,0.10700000
1601899158154,ETHUSDT,351.01011459,350.64000000,50.58199000,350.65000000,66.44028000
1601899159150,ETHUSDT,351.01011487,350.62000000,11.58221000,350.65000000,55.23618000
1601899160114,ETHUSDT,351.01016941,350.62000000,11.58221000,350.65000000,84.65618000
1601899161124,ETHUSDT,351.01058990,350.63000000,31.24497000,350.65000000,84.65618000
1601899162148,ETHUSDT,351.01059796,350.64000000,120.10686000,350.65000000,54.65618000
1601899163154,ETHUSDT,351.01067074,350.65000000,3.93689000,350.66000000,66.31275000
1601899164155,ETHUSDT,351.01066802,350.65000000,38.55445000,350.66000000,63.17575000
1601899165142,ETHUSDT,351.01091286,350.64000000,10.32366000,350.65000000,3.42221000
1601899166120,ETHUSDT,351.01091312,350.65000000,10.58188000,350.66000000,50.53287000
1601899167155,ETHUSDT,351.01091309,350.63000000,36.74760000,350.65000000,49.38803000
1601899168144,ETHUSDT,351.01093636,350.66000000,38.16788000,350.67000000,160.36463000
1601899169167,ETHUSDT,351.01092665,350.65000000,6.68076000,350.66000000,114.60420000
1601899170017,ETHUSDT,351.01098720,350.63000000,31.21417000,350.64000000,93.53552000
1601899171160,ETHUSDT,351.01101657,350.62000000,52.66566000,350.63000000,62.68697000
1601899172158,ETHUSDT,351.01101544,350.62000000,45.59816000,350.63000000,61.49153000
1601899173100,ETHUSDT,351.01101544,350.62000000,45.59816000,350.63000000,61.49153000
1601899173820,ETHUSDT,351.01100983,350.62000000,34.90520000,350.63000000,62.12224000
1601899175176,ETHUSDT,351.01100964,350.62000000,30.00000000,350.63000000,61.49360000
1601899176147,ETHUSDT,351.01101275,350.62000000,30.00000000,350.63000000,61.49360000
1601899177166,ETHUSDT,351.01102580,350.61000000,0.04428000,350.62000000,127.75177000
1601899178157,ETHUSDT,351.01103096,350.61000000,0.04428000,350.62000000,128.60938000
1601899179164,ETHUSDT,351.01102745,350.61000000,20.80943000,350.62000000,4.28035000
1601899180177,ETHUSDT,351.01104666,350.63000000,12.29362000,350.66000000,30.00000000
1601899181125,ETHUSDT,351.01111222,350.64000000,33.25746000,350.65000000,62.65126000
1601899182041,ETHUSDT,351.01111211,350.64000000,33.14058000,350.65000000,130.18678000
1601899183031,ETHUSDT,351.01111238,350.64000000,33.14058000,350.65000000,130.18678000
1601899184132,ETHUSDT,351.01111235,350.64000000,31.02119000,350.65000000,130.11849000
1601899185154,ETHUSDT,351.01128576,350.65000000,2.12267000,350.66000000,89.80352000
1601899186165,ETHUSDT,351.01128558,350.65000000,1.92267000,350.66000000,89.80352000
1601899187152,ETHUSDT,351.01128548,350.61000000,31.10929000,350.62000000,129.58623000
1601899188180,ETHUSDT,351.01129605,350.60000000,1.10929000,350.62000000,43.08623000
1601899189179,ETHUSDT,351.01129329,350.62000000,9.57080000,350.63000000,50.99013000
1601899190171,ETHUSDT,351.01129329,350.63000000,7.47986000,350.64000000,4.00000000
1601899191147,ETHUSDT,351.01129329,350.63000000,0.76409000,350.64000000,98.07998000
1601899192183,ETHUSDT,351.01129326,350.63000000,0.76409000,350.64000000,122.11550000
1601899193178,ETHUSDT,351.01129106,350.55000000,3.03663000,350.56000000,98.57230000
1601899194176,ETHUSDT,351.01153151,350.55000000,2.84963000,350.56000000,1.07230000
1601899195174,ETHUSDT,351.01152650,350.60000000,30.00000000,350.61000000,54.71610000
1601899196136,ETHUSDT,351.01159679,350.56000000,30.00000000,350.58000000,0.03552000
1601899197176,ETHUSDT,351.01163092,350.56000000,30.00000000,350.58000000,48.54080000
1601899198171,ETHUSDT,351.01166228,350.55000000,33.71351000,350.56000000,59.76898000
1601899199164,ETHUSDT,351.01166047,350.55000000,31.26953000,350.56000000,59.76898000
1601899200178,ETHUSDT,351.01163628,350.55000000,111.45768000,350.56000000,28.42794000
1601899201185,ETHUSDT,351.01159586,350.55000000,0.06197000,350.56000000,68.79449000
1601899202154,ETHUSDT,351.01163328,350.50000000,14.36179000,350.51000000,103.53678000
1601899203186,ETHUSDT,351.01260677,350.50000000,18.06813000,350.51000000,112.03467000
1601899204183,ETHUSDT,351.01334268,350.44000000,2.16939000,350.45000000,8.88478000
1601899205181,ETHUSDT,351.01333548,350.42000000,0.03212000,350.43000000,39.75816000
1601899206163,ETHUSDT,351.01338144,350.44000000,126.79718000,350.45000000,48.50472000
1601899207137,ETHUSDT,351.01331533,350.44000000,29.74348000,350.45000000,50.15130000
1601899208179,ETHUSDT,351.01331103,350.41000000,54.07365000,350.42000000,47.43673000
1601899209162,ETHUSDT,351.01329166,350.43000000,33.05301000,350.44000000,0.21400000
1601899210187,ETHUSDT,351.01357402,350.25000000,1.55642000,350.26000000,6.09352000
1601899211188,ETHUSDT,351.01350562,350.15000000,0.86185000,350.17000000,6.80708000
1601899212187,ETHUSDT,351.01340372,350.23000000,102.50000000,350.24000000,2.30000000
1601899213172,ETHUSDT,351.01339744,350.24000000,30.00000000,350.25000000,8.33156000
1601899214182,ETHUSDT,351.01339297,350.24000000,29.42424000,350.25000000,4.96729000
1601899215186,ETHUSDT,351.01344014,350.04000000,0.16620000,350.08000000,49.84044000
1601899216189,ETHUSDT,351.01364134,350.04000000,35.01140000,350.05000000,2.50536000
1601899217183,ETHUSDT,351.01362063,350.12000000,2.64681000,350.16000000,33.51963000
1601899218126,ETHUSDT,351.01362204,350.10000000,4.00000000,350.11000000,30.82384000
1601899219189,ETHUSDT,351.01362369,350.12000000,123.50000000,350.13000000,17.13655000
1601899220191,ETHUSDT,351.01353449,350.23000000,95.14995000,350.25000000,3.40556000
1601899221192,ETHUSDT,351.01353641,350.29000000,0.10193000,350.32000000,2.84954000
1601899222189,ETHUSDT,351.01353521,350.29000000,0.10193000,350.31000000,30.56660000
1601899223182,ETHUSDT,351.01366461,350.24000000,9.00000000,350.28000000,30.00000000
1601899224120,ETHUSDT,351.01366269,350.24000000,11.21400000,350.28000000,30.00000000
1601899225192,ETHUSDT,351.01386255,350.22000000,2.82798000,350.27000000,2.90537000
1601899226143,ETHUSDT,351.01415082,350.27000000,30.00000000,350.28000000,8.57000000
1601899227190,ETHUSDT,351.01415082,350.24000000,9.00000000,350.28000000,30.00000000
1601899228183,ETHUSDT,351.01415033,350.23000000,30.00000000,350.27000000,7.38925000
1601899229190,ETHUSDT,351.01414839,350.19000000,6.77528000,350.24000000,8.57000000
1601899230189,ETHUSDT,351.01416551,350.26000000,97.50000000,350.27000000,6.23375000
1601899231192,ETHUSDT,351.01416457,350.23000000,9.00000000,350.28000000,43.78984000
1601899232145,ETHUSDT,351.01430494,350.22000000,32.73362000,350.27000000,7.29829000
1601899233191,ETHUSDT,351.01430671,350.20000000,1.14995000,350.24000000,37.39971000
1601899234187,ETHUSDT,351.01430640,350.19000000,56.16513000,350.24000000,30.13887000
1601899235194,ETHUSDT,351.01430560,350.17000000,10.10395000,350.22000000,29.68314000
1601899236192,ETHUSDT,351.01429508,350.20000000,0.20000000,350.21000000,117.90085000
1601899237183,ETHUSDT,351.01429501,350.20000000,0.16482000,350.21000000,41.23998000
1601899238125,ETHUSDT,351.01429492,350.20000000,0.16482000,350.21000000,131.39771000
1601899239186,ETHUSDT,351.01428554,350.25000000,10.14995000,350.26000000,30.00000000
1601899240189,ETHUSDT,351.01427806,350.20000000,4.38480000,350.24000000,30.00000000
1601899241159,ETHUSDT,351.01427799,350.21000000,30.00000000,350.23000000,38.53643000
1601899242193,ETHUSDT,351.01427751,350.23000000,116.82370000,350.24000000,29.86859000
1601899243161,ETHUSDT,351.01427745,350.23000000,30.16482000,350.24000000,34.86582000
1601899244177,ETHUSDT,351.01428474,350.23000000,0.16482000,350.24000000,30.00000000
1601899245194,ETHUSDT,351.01428474,350.23000000,0.16482000,350.24000000,30.00000000
1601899246159,ETHUSDT,351.01428474,350.23000000,0.16482000,350.24000000,30.00000000
1601899247196,ETHUSDT,351.01415876,350.04000000,1.45250000,350.05000000,9.00000000
1601899248196,ETHUSDT,351.01395885,350.07000000,9.00000000,350.08000000,44.94940000
1601899249194,ETHUSDT,351.01395341,350.16000000,38.90000000,350.17000000,14.94940000
1601899250194,ETHUSDT,351.01399927,350.16000000,94.10395000,350.17000000,4.97940000
1601899251187,ETHUSDT,351.01399927,350.16000000,39.00000000,350.17000000,4.97940000
1601899252195,ETHUSDT,351.01392999,350.09000000,2.81781000,350.14000000,2.86418000
1601899253185,ETHUSDT,351.01398822,350.11000000,50.95141000,350.15000000,38.57000000
1601899254197,ETHUSDT,351.01407846,350.16000000,181.55000000,350.17000000,4.97940000
1601899255193,ETHUSDT,351.01407466,350.16000000,185.27719000,350.17000000,3.52940000
1601899256187,ETHUSDT,351.01407510,350.16000000,34.48170000,350.17000000,3.46611000
1601899257168,ETHUSDT,351.01412613,350.16000000,44.98169000,350.17000000,1.41297000
1601899258186,ETHUSDT,351.01452068,350.16000000,30.00000000,350.17000000,1.34882000
1601899259175,ETHUSDT,351.01452005,350.16000000,70.20440000,350.17000000,1.34882000
1601899260185,ETHUSDT,351.01451927,350.16000000,69.83428000,350.17000000,1.34882000
1601899261131,ETHUSDT,351.01451927,350.16000000,0.58000000,350.17000000,31.34882000
1601899262195,ETHUSDT,351.01451806,350.16000000,0.00885000,350.17000000,31.34882000
1601899263169,ETHUSDT,351.01457536,350.19000000,80.20679000,350.20000000,3.15330000
1601899264194,ETHUSDT,351.01461626,350.21000000,1.72620000,350.22000000,30.00000000
1601899265196,ETHUSDT,351.01461915,350.20000000,5.11419000,350.22000000,30.00000000
1601899266180,ETHUSDT,351.01461382,350.20000000,103.75449000,350.22000000,30.00000000
1601899267139,ETHUSDT,351.01460652,350.19000000,76.47358000,350.20000000,0.47924000
1601899268148,ETHUSDT,351.01454695,350.19000000,169.97358000,350.20000000,10.40773000
1601899269173,ETHUSDT,351.01447441,350.21000000,95.78915000,350.22000000,2.06660000
1601899270183,ETHUSDT,351.01447412,350.21000000,125.64435000,350.22000000,8.06660000
1601899271198,ETHUSDT,351.01451407,350.21000000,177.22972000,350.22000000,8.06660000
1601899272192,ETHUSDT,351.01453528,350.21000000,186.41295000,350.22000000,8.03310000
1601899273167,ETHUSDT,351.01453528,350.21000000,186.41295000,350.22000000,8.03310000
1601899274203,ETHUSDT,351.01464030,350.21000000,186.11376000,350.22000000,8.03310000
1601899275179,ETHUSDT,351.01462397,350.27000000,130.08876000,350.28000000,8.48380000
1601899276088,ETHUSDT,351.01462716,350.27000000,129.94545000,350.28000000,8.48380000
1601899277191,ETHUSDT,351.01462716,350.27000000,129.94545000,350.28000000,8.48380000
1601899278199,ETHUSDT,351.01470724,350.27000000,30.50593000,350.28000000,11.57695000
1601899279175,ETHUSDT,351.01470724,350.27000000,30.50593000,350.28000000,9.88380000
1601899280201,ETHUSDT,351.01471890,350.27000000,131.54612000,350.28000000,8.84947000
1601899281075,ETHUSDT,351.01472609,350.27000000,131.54612000,350.28000000,1.40000000
1601899281988,ETHUSDT,351.01472609,350.27000000,38.04612000,350.28000000,1.40000000
1601899283094,ETHUSDT,351.01472551,350.27000000,37.73208000,350.28000000,1.40000000
1601899284205,ETHUSDT,351.01472551,350.27000000,0.58000000,350.28000000,35.12886000
1601899285177,ETHUSDT,351.01472359,350.23000000,30.00000000,350.24000000,2.69406000
1601899286184,ETHUSDT,351.01472359,350.23000000,30.00000000,350.24000000,2.69406000
1601899287199,ETHUSDT,351.01472912,350.22000000,39.10010000,350.23000000,86.00000000
1601899288193,ETHUSDT,351.01472162,350.15000000,91.50300000,350.16000000,2.52572000
1601899289206,ETHUSDT,351.01470403,350.18000000,102.50000000,350.19000000,0.18441000
1601899290183,ETHUSDT,351.01485250,350.20000000,132.50000000,350.21000000,10.70446000
1601899291203,ETHUSDT,351.01487627,350.22000000,11.95017000,350.26000000,1.72934000
1601899292079,ETHUSDT,351.01487627,350.23000000,17.20649000,350.26000000,1.72934000
1601899293206,ETHUSDT,351.01487629,350.23000000,9.00000000,350.26000000,5.18959000
1601899294117,ETHUSDT,351.01487340,350.26000000,29.33035000,350.28000000,1.40000000
1601899295204,ETHUSDT,351.01487987,350.26000000,29.33035000,350.28000000,0.82900000
1601899296182,ETHUSDT,351.01484221,350.26000000,9.19535000,350.27000000,95.22934000
1601899297129,ETHUSDT,351.01477750,350.26000000,9.19535000,350.28000000,0.82900000
1601899298184,ETHUSDT,351.01477132,350.26000000,37.84791000,350.28000000,0.82900000
1601899299103,ETHUSDT,351.01477132,350.26000000,37.84791000,350.28000000,0.82900000
1601899300124,ETHUSDT,351.01477132,350.26000000,30.00000000,350.27000000,19.55419000
1601899301187,ETHUSDT,351.01476652,350.26000000,30.00000000,350.27000000,15.97830000
1601899302209,ETHUSDT,351.01476208,350.25000000,44.54999000,350.27000000,130.22934000
1601899303201,ETHUSDT,351.01479760,350.25000000,9.00000000,350.26000000,83.06582000
1601899304205,ETHUSDT,351.01480569,350.24000000,2.99519000,350.25000000,1.99376000
1601899305174,ETHUSDT,351.01480562,350.24000000,49.81605000,350.25000000,2.02785000
1601899306210,ETHUSDT,351.01517556,350.21000000,10.18200000,350.25000000,2.82785000
1601899307200,ETHUSDT,351.01519053,350.24000000,57.08700000,350.25000000,0.80000000
1601899308206,ETHUSDT,351.01519053,350.22000000,9.09500000,350.25000000,1.06442000
1601899309197,ETHUSDT,351.01519038,350.23000000,1.14490000,350.25000000,0.80000000
1601899310199,ETHUSDT,351.01521565,350.24000000,93.50000000,350.25000000,0.80000000
1601899311211,ETHUSDT,351.01517986,350.23000000,61.43299000,350.25000000,31.06442000
1601899312161,ETHUSDT,351.01517572,350.24000000,122.49109000,350.25000000,0.80000000
1601899313207,ETHUSDT,351.01516362,350.33000000,134.93672000,350.34000000,6.00000000
1601899314209,ETHUSDT,351.01508356,350.25000000,32.89052000,350.31000000,1.93929000
1601899315209,ETHUSDT,351.01510938,350.29000000,3.08583000,350.31000000,0.16844000
1601899316210,ETHUSDT,351.01510938,350.29000000,3.08583000,350.32000000,30.00000000
1601899317191,ETHUSDT,351.01508047,350.25000000,30.00000000,350.29000000,35.78748000
1601899318161,ETHUSDT,351.01508047,350.24000000,15.41806000,350.28000000,5.67102000
1601899319212,ETHUSDT,351.01507626,350.20000000,8.69985000,350.23000000,29.66736000
1601899320205,ETHUSDT,351.01537201,350.23000000,0.58000000,350.25000000,5.99313000
1601899321134,ETHUSDT,351.01557789,350.23000000,24.63500000,350.24000000,37.05858000
1601899322202,ETHUSDT,351.01557833,350.23000000,0.58000000,350.24000000,39.97367000
1601899323206,ETHUSDT,351.01561804,350.23000000,0.58000000,350.24000000,35.53065000
1601899324207,ETHUSDT,351.01561804,350.23000000,0.76307000,350.24000000,43.55994000
1601899325209,ETHUSDT,351.01564226,350.19000000,55.09500000,350.20000000,4.65500000
1601899326213,ETHUSDT,351.01571792,350.23000000,124.56986000,350.24000000,9.07616000
1601899327207,ETHUSDT,351.01570538,350.23000000,183.38212000,350.24000000,4.42816000
1601899328163,ETHUSDT,351.01570587,350.23000000,84.81226000,350.24000000,4.42816000
1601899329207,ETHUSDT,351.01570386,350.23000000,140.78226000,350.24000000,4.39443000
1601899330039,ETHUSDT,351.01573422,350.23000000,95.04160000,350.24000000,4.39443000
1601899331163,ETHUSDT,351.01575335,350.22000000,1.00000000,350.23000000,100.69530000
1601899332201,ETHUSDT,351.01575195,350.23000000,83.95963000,350.24000000,4.39443000
1601899333212,ETHUSDT,351.01575179,350.23000000,8.29619000,350.24000000,5.55043000
1601899334185,ETHUSDT,351.01575179,350.22000000,81.98000000,350.23000000,0.07280000
1601899335180,ETHUSDT,351.01574302,350.22000000,47.37904000,350.23000000,0.07280000
1601899336206,ETHUSDT,351.01574302,350.22000000,77.37904000,350.23000000,0.07280000
1601899337175,ETHUSDT,351.01574302,350.22000000,77.37904000,350.23000000,0.07280000
1601899338167,ETHUSDT,351.01573065,350.22000000,78.07531000,350.23000000,0.03886000
1601899339188,ETHUSDT,351.01573065,350.22000000,78.07531000,350.23000000,0.03886000
1601899340213,ETHUSDT,351.01569669,350.27000000,3.46271000,350.30000000,103.14913000
1601899341214,ETHUSDT,351.01569822,350.26000000,92.06100000,350.27000000,4.13707000
1601899342127,ETHUSDT,351.01657622,350.26000000,0.58000000,350.28000000,36.04085000
1601899343214,ETHUSDT,351.01666675,350.25000000,29.79534000,350.28000000,33.03937000
1601899344216,ETHUSDT,351.01666675,350.25000000,0.58000000,350.28000000,33.03937000
1601899345167,ETHUSDT,351.01666808,350.26000000,0.58000000,350.28000000,33.03937000
1601899346218,ETHUSDT,351.01659818,350.35000000,4.00000000,350.36000000,11.97331000
1601899347213,ETHUSDT,351.01658167,350.36000000,136.02603000,350.37000000,3.02900000
1601899348212,ETHUSDT,351.01658077,350.38000000,30.58000000,350.39000000,9.71464000
1601899349214,ETHUSDT,351.01658656,350.37000000,0.47832000,350.38000000,102.83660000
1601899350209,ETHUSDT,351.01658664,350.38000000,56.58903000,350.39000000,39.71464000
1601899351209,ETHUSDT,351.01658693,350.37000000,0.58000000,350.38000000,43.62647000
1601899352215,ETHUSDT,351.01658638,350.37000000,0.01299000,350.38000000,43.62647000
1601899353214,ETHUSDT,351.01660211,350.37000000,0.01299000,350.38000000,50.76837000
1601899354151,ETHUSDT,351.01662644,350.37000000,0.01299000,350.38000000,41.99992000
1601899355211,ETHUSDT,351.01667007,350.37000000,0.01299000,350.38000000,11.99992000
1601899356125,ETHUSDT,351.01667007,350.37000000,0.01299000,350.38000000,4.85802000
1601899357219,ETHUSDT,351.01667626,350.34000000,6.36464000,350.38000000,4.85802000
1601899358158,ETHUSDT,351.01667382,350.33000000,80.50000000,350.35000000,4.62414000
1601899359216,ETHUSDT,351.01670067,350.37000000,132.41900000,350.38000000,0.23155000
1601899360218,ETHUSDT,351.01685536,350.46000000,38.02725000,350.47000000,1.55015000
1601899361194,ETHUSDT,351.01690624,350.46000000,34.48368000,350.47000000,0.39415000
1601899362219,ETHUSDT,351.01690665,350.44000000,30.10503000,350.45000000,9.33718000
1601899363200,ETHUSDT,351.01690665,350.41000000,1.71232000,350.42000000,119.86179000
1601899364216,ETHUSDT,351.01694052,350.40000000,9.12893000,350.42000000,110.86179000
1601899365180,ETHUSDT,351.01694044,350.40000000,9.12893000,350.42000000,116.85040000
1601899366198,ETHUSDT,351.01693353,350.40000000,14.49842000,350.42000000,30.00000000
1601899367128,ETHUSDT,351.01693353,350.40000000,9.12893000,350.42000000,30.00000000
1601899368219,ETHUSDT,351.01693353,350.40000000,9.12893000,350.42000000,30.00000000
1601899369208,ETHUSDT,351.01695313,350.39000000,31.82584000,350.42000000,30.00000000
1601899370219,ETHUSDT,351.01689703,350.38000000,10.53089000,350.39000000,4.90924000
1601899371043,ETHUSDT,351.01689703,350.38000000,10.53089000,350.39000000,4.90924000
1601899372215,ETHUSDT,351.01689133,350.38000000,7.16573000,350.39000000,69.65484000
1601899373187,ETHUSDT,351.01689133,350.38000000,7.16573000,350.39000000,34.65484000
1601899374219,ETHUSDT,351.01688283,350.49000000,36.86978000,350.50000000,0.99900000
1601899375175,ETHUSDT,351.01688257,350.49000000,30.54035000,350.50000000,6.99900000
1601899376220,ETHUSDT,351.01684944,350.47000000,30.00000000,350.48000000,103.65600000
1601899377213,ETHUSDT,351.01685287,350.40000000,63.33910000,350.41000000,30.00000000
1601899378221,ETHUSDT,351.01685287,350.40000000,63.33910000,350.41000000,30.00000000
1601899379218,ETHUSDT,351.01685110,350.43000000,30.00000000,350.44000000,9.12142000
1601899380221,ETHUSDT,351.01684844,350.44000000,76.92999000,350.46000000,1.14618000
1601899381188,ETHUSDT,351.01686639,350.45000000,0.58000000,350.47000000,39.27460000
1601899382224,ETHUSDT,351.01686441,350.44000000,0.58000000,350.47000000,38.12842000
1601899383167,ETHUSDT,351.01688203,350.43000000,50.23499000,350.46000000,38.12842000
1601899384223,ETHUSDT,351.01688509,350.41000000,0.77955000,350.42000000,103.80300000
1601899385215,ETHUSDT,351.01689164,350.41000000,5.00000000,350.42000000,35.02985000
1601899386211,ETHUSDT,351.01689092,350.41000000,5.58000000,350.42000000,29.51469000
1601899387213,ETHUSDT,351.01692705,350.40000000,11.11023000,350.41000000,40.08283000
1601899388173,ETHUSDT,351.01692851,350.40000000,122.96022000,350.41000000,30.00000000
1601899389176,ETHUSDT,351.01692851,350.42000000,50.85000000,350.44000000,31.14492000
1601899390198,ETHUSDT,351.01700016,350.42000000,80.85000000,350.44000000,30.00000000
1601899391179,ETHUSDT,351.01699910,350.43000000,8.80862000,350.44000000,36.30530000
1601899392194,ETHUSDT,351.01699938,350.43000000,38.80862000,350.45000000,7.33259000
1601899393187,ETHUSDT,351.01702036,350.43000000,1.24412000,350.44000000,56.00000000
1601899394177,ETHUSDT,351.01702036,350.43000000,6.24412000,350.45000000,7.30046000
1601899395193,ETHUSDT,351.01715587,350.42000000,81.39589000,350.45000000,37.30046000
1601899396203,ETHUSDT,351.01715587,350.42000000,80.85000000,350.45000000,37.30046000
1601899397228,ETHUSDT,351.01717579,350.42000000,76.66614000,350.45000000,8.37198000
1601899398229,ETHUSDT,351.01717579,350.42000000,76.66614000,350.44000000,40.11394000
1601899399174,ETHUSDT,351.01716685,350.44000000,123.50000000,350.45000000,7.30046000
1601899400197,ETHUSDT,351.01716908,350.44000000,124.74412000,350.45000000,7.30046000
1601899401231,ETHUSDT,351.01717920,350.44000000,124.74412000,350.45000000,7.26631000
1601899402187,ETHUSDT,351.01717920,350.44000000,31.24412000,350.45000000,7.26631000
1601899403133,ETHUSDT,351.01748886,350.44000000,43.50732000,350.45000000,0.96631000
1601899404226,ETHUSDT,351.01749149,350.44000000,43.50732000,350.45000000,2.19875000
1601899405176,ETHUSDT,351.01759985,350.44000000,137.00732000,350.45000000,2.19875000
1601899406234,ETHUSDT,351.01759985,350.44000000,137.00732000,350.45000000,2.19875000
1601899406797,ETHUSDT,351.01759985,350.44000000,137.00732000,350.45000000,2.19875000
1601899408228,ETHUSDT,351.01759985,350.44000000,137.00732000,350.45000000,2.19875000
1601899409083,ETHUSDT,351.01769936,350.44000000,43.50732000,350.45000000,2.19875000
1601899410195,ETHUSDT,351.01769903,350.44000000,116.30732000,350.45000000,2.16647000
1601899411232,ETHUSDT,351.01769879,350.44000000,29.63500000,350.45000000,2.16647000
1601899412051,ETHUSDT,351.01769808,350.44000000,82.13511000,350.45000000,2.16647000
1601899413195,ETHUSDT,351.01769808,350.44000000,82.13511000,350.45000000,2.16647000
1601899413717,ETHUSDT,351.01778120,350.44000000,29.13511000,350.45000000,2.16647000
1601899415157,ETHUSDT,351.01778120,350.44000000,29.13511000,350.45000000,2.16647000
1601899416149,ETHUSDT,351.01781412,350.44000000,26.31021000,350.45000000,37.85610000
1601899417163,ETHUSDT,351.01781441,350.44000000,26.31021000,350.45000000,2.16647000
1601899418233,ETHUSDT,351.01782491,350.43000000,30.00000000,350.44000000,98.20319000
1601899419205,ETHUSDT,351.01782270,350.43000000,28.48548000,350.44000000,5.92825000
1601899420191,ETHUSDT,351.01782254,350.43000000,28.37884000,350.45000000,2.57807000
1601899420991,ETHUSDT,351.01782254,350.43000000,28.37884000,350.45000000,2.57807000
1601899422240,ETHUSDT,351.01775792,350.30000000,2.40098000,350.32000000,35.17829000
1601899423235,ETHUSDT,351.01775588,350.30000000,125.90098000,350.31000000,3.82676000
1601899424240,ETHUSDT,351.01775742,350.28000000,17.36589000,350.33000000,3.19335000
1601899425203,ETHUSDT,351.01775772,350.32000000,53.00000000,350.33000000,0.64900000
1601899426241,ETHUSDT,351.01775116,350.31000000,5.00000000,350.32000000,2.34524000
1601899427179,ETHUSDT,351.01775199,350.31000000,73.50000000,350.32000000,1.11489000
1601899428242,ETHUSDT,351.01774367,350.29000000,25.56205000,350.32000000,1.11489000
1601899429238,ETHUSDT,351.01774367,350.31000000,9.00000000,350.32000000,1.11489000
1601899430126,ETHUSDT,351.01774367,350.28000000,88.98313000,350.31000000,30.00000000
1601899431229,ETHUSDT,351.01774167,350.32000000,102.91009000,350.33000000,30.00000000
1601899432237,ETHUSDT,351.01774162,350.36000000,30.00000000,350.38000000,8.50504000
1601899433243,ETHUSDT,351.01776097,350.39000000,54.95994000,350.40000000,0.14419000
1601899434211,ETHUSDT,351.01772766,350.33000000,54.55561000,350.37000000,2.74799000
1601899435215,ETHUSDT,351.01777895,350.34000000,35.53156000,350.39000000,1.24303000
1601899436237,ETHUSDT,351.01777895,350.36000000,34.41586000,350.39000000,1.07029000
1601899437170,ETHUSDT,351.01777895,350.35000000,91.34707000,350.38000000,3.45608000
1601899438219,ETHUSDT,351.01777740,350.35000000,90.41012000,350.38000000,3.45608000
1601899439223,ETHUSDT,351.01777915,350.36000000,90.47146000,350.39000000,36.66353000
1601899440212,ETHUSDT,351.01777910,350.38000000,30.91006000,350.41000000,24.23645000
1601899441242,ETHUSDT,351.01770900,350.30000000,45.81606000,350.32000000,1.24127000
1601899442103,ETHUSDT,351.01770900,350.31000000,47.37822000,350.32000000,1.24127000
1601899443173,ETHUSDT,351.01770900,350.31000000,47.37822000,350.32000000,1.24127000
1601899444240,ETHUSDT,351.01782982,350.31000000,42.96209000,350.32000000,1.24127000
1601899445189,ETHUSDT,351.01814324,350.32000000,9.00000000,350.34000000,31.11957000
1601899446247,ETHUSDT,351.01814318,350.33000000,100.94872000,350.34000000,30.00000000
1601899447247,ETHUSDT,351.01814318,350.34000000,43.98388000,350.37000000,6.46758000
1601899448194,ETHUSDT,351.01810251,350.34000000,0.22417000,350.39000000,4.82878000
1601899449238,ETHUSDT,351.01810245,350.36000000,9.91077000,350.38000000,90.50000000
1601899450227,ETHUSDT,351.01810277,350.36000000,0.91077000,350.38000000,90.50000000
1601899451148,ETHUSDT,351.01810277,350.36000000,0.91077000,350.38000000,90.50000000
1601899452243,ETHUSDT,351.01810187,350.36000000,0.91077000,350.38000000,89.92921000
1601899453226,ETHUSDT,351.01810037,350.38000000,0.00072000,350.39000000,40.73313000
1601899454234,ETHUSDT,351.01815386,350.38000000,0.00072000,350.39000000,40.73313000
1601899455250,ETHUSDT,351.01815232,350.38000000,29.02983000,350.39000000,104.23313000
1601899456246,ETHUSDT,351.01815853,350.38000000,27.78683000,350.39000000,10.73313000
1601899457251,ETHUSDT,351.01842574,350.38000000,66.35700000,350.39000000,10.69980000
1601899458149,ETHUSDT,351.01842890,350.38000000,73.59892000,350.40000000,42.72952000
1601899459220,ETHUSDT,351.01841956,350.37000000,4.44880000,350.39000000,5.80477000
1601899460243,ETHUSDT,351.01842392,350.38000000,34.44880000,350.39000000,5.80477000
1601899461243,ETHUSDT,351.01842549,350.38000000,33.87801000,350.39000000,70.30477000
1601899462174,ETHUSDT,351.01842549,350.38000000,29.42921000,350.39000000,70.30477000
1601899463219,ETHUSDT,351.01842549,350.38000000,29.42921000,350.39000000,5.80477000
1601899464220,ETHUSDT,351.01842525,350.38000000,41.29101000,350.39000000,43.20290000
1601899465100,ETHUSDT,351.01843039,350.38000000,91.87801000,350.39000000,5.61628000
1601899466138,ETHUSDT,351.01844704,350.38000000,33.87801000,350.39000000,5.61628000
1601899467080,ETHUSDT,351.01844704,350.38000000,33.87801000,350.39000000,5.61628000
1601899468226,ETHUSDT,351.01844704,350.38000000,33.87801000,350.39000000,5.61628000
1601899469199,ETHUSDT,351.01844735,350.38000000,29.42921000,350.39000000,5.61628000
1601899470232,ETHUSDT,351.01844667,350.35000000,44.01439000,350.36000000,127.67837000
1601899471238,ETHUSDT,351.01843682,350.35000000,32.56267000,350.36000000,93.16898000
1601899472256,ETHUSDT,351.01843682,350.35000000,33.59509000,350.38000000,44.58643000
1601899473178,ETHUSDT,351.01845469,350.35000000,33.59509000,350.38000000,44.55226000
1601899474217,ETHUSDT,351.01848521,350.35000000,28.78467000,350.37000000,2.57654000
1601899475225,ETHUSDT,351.01848521,350.35000000,28.78467000,350.36000000,4.00000000
1601899475860,ETHUSDT,351.01849183,350.35000000,75.37518000,350.38000000,43.49496000
1601899477244,ETHUSDT,351.01850242,350.38000000,80.87942000,350.39000000,7.32472000
1601899478256,ETHUSDT,351.01850335,350.38000000,32.61246000,350.39000000,45.60929000
1601899479202,ETHUSDT,351.01850335,350.35000000,5.68338000,350.39000000,77.08794000
1601899480261,ETHUSDT,351.01850297,350.38000000,37.06301000,350.39000000,45.60929000
1601899481215,ETHUSDT,351.01850292,350.38000000,37.06301000,350.39000000,45.57678000
1601899482211,ETHUSDT,351.01852205,350.37000000,48.55227000,350.39000000,45.57678000
1601899482983,ETHUSDT,351.01852205,350.38000000,36.96199000,350.39000000,45.57678000
1601899484182,ETHUSDT,351.01856939,350.38000000,2.71781000,350.39000000,45.57678000
1601899485248,ETHUSDT,351.01858574,350.38000000,81.93723000,350.39000000,7.29221000
1601899486199,ETHUSDT,351.01858801,350.38000000,2.51007000,350.39000000,45.57678000
1601899487096,ETHUSDT,351.01858793,350.38000000,36.70425000,350.39000000,45.57678000
1601899488241,ETHUSDT,351.01860071,350.38000000,132.44807000,350.39000000,7.29221000
1601899489136,ETHUSDT,351.01860071,350.38000000,36.70425000,350.39000000,7.29221000
1601899490263,ETHUSDT,351.01860065,350.38000000,83.54204000,350.39000000,7.25804000
1601899490634,ETHUSDT,351.01860098,350.38000000,83.54204000,350.39000000,1.70844000
1601899492266,ETHUSDT,351.01861185,350.35000000,75.49459000,350.39000000,10.41310000
1601899493170,ETHUSDT,351.01861635,350.38000000,30.29559000,350.39000000,11.98273000
1601899494223,ETHUSDT,351.01860950,350.39000000,39.67281000,350.40000000,13.73818000
1601899495193,ETHUSDT,351.01860980,350.39000000,43.24492000,350.40000000,5.17639000
1601899496229,ETHUSDT,351.01860630,350.38000000,0.98975000,350.39000000,124.00000000
1601899497199,ETHUSDT,351.01860630,350.38000000,0.98975000,350.39000000,30.00000000
1601899498113,ETHUSDT,351.01861028,350.39000000,4.79471000,350.40000000,5.03853000
1601899499251,ETHUSDT,351.01860874,350.39000000,4.79471000,350.40000000,4.03859000
1601899500269,ETHUSDT,351.01862775,350.39000000,51.61701000,350.40000000,4.03859000
1601899501271,ETHUSDT,351.01862775,350.39000000,94.41046000,350.40000000,4.03859000
1601899502202,ETHUSDT,351.01862775,350.39000000,98.43818000,350.40000000,4.03859000
1601899503131,ETHUSDT,351.01862682,350.39000000,104.22995000,350.40000000,4.03859000
1601899504251,ETHUSDT,351.01862412,350.40000000,65.06540000,350.41000000,8.00000000
1601899505148,ETHUSDT,351.01863419,350.40000000,47.06830000,350.41000000,8.00000000
1601899506232,ETHUSDT,351.01863527,350.40000000,47.01900000,350.41000000,7.96589000
1601899507275,ETHUSDT,351.01861852,350.48000000,58.62496000,350.49000000,16.23302000
1601899508248,ETHUSDT,351.01859586,350.50000000,164.06783000,350.51000000,6.00000000
1601899509216,ETHUSDT,351.01859514,350.50000000,164.06783000,350.51000000,5.42939000
1601899510276,ETHUSDT,351.01861452,350.50000000,167.63984000,350.51000000,5.36549000
1601899511275,ETHUSDT,351.01860776,350.50000000,179.38006000,350.51000000,0.00049000
1601899512269,ETHUSDT,351.01860776,350.50000000,179.38006000,350.51000000,0.00049000
1601899512857,ETHUSDT,351.01860776,350.50000000,167.60566000,350.51000000,0.00049000
1601899514232,ETHUSDT,351.01860483,350.52000000,111.84657000,350.53000000,0.00090000
1601899514948,ETHUSDT,351.01860483,350.52000000,111.84657000,350.53000000,0.00090000
1601899516204,ETHUSDT,351.01860514,350.52000000,18.84657000,350.53000000,0.00090000
1601899517254,ETHUSDT,351.01860514,350.52000000,18.84657000,350.53000000,0.00090000
1601899518229,ETHUSDT,351.01860514,350.52000000,18.84657000,350.53000000,0.00090000
1601899519252,ETHUSDT,351.01865455,350.53000000,136.55623000,350.54000000,2.08467000
1601899520254,ETHUSDT,351.01865451,350.53000000,54.40198000,350.56000000,45.38987000
1601899521278,ETHUSDT,351.01865438,350.53000000,54.29556000,350.54000000,10.49908000
1601899522280,ETHUSDT,351.01870404,350.51000000,61.35330000,350.52000000,7.89131000
1601899523273,ETHUSDT,351.01871193,350.51000000,61.35330000,350.52000000,3.89131000
1601899524201,ETHUSDT,351.01871193,350.51000000,61.35330000,350.52000000,3.89131000
1601899525281,ETHUSDT,351.01880864,350.51000000,56.31557000,350.55000000,2.93010000
1601899526284,ETHUSDT,351.01879329,350.52000000,4.08013000,350.55000000,4.99993000
1601899527129,ETHUSDT,351.01879267,350.53000000,1.11137000,350.55000000,3.08072000
1601899528255,ETHUSDT,351.01882627,350.49000000,52.54693000,350.53000000,1.91921000
1601899529261,ETHUSDT,351.01882624,350.52000000,56.96539000,350.54000000,0.13976000
1601899530253,ETHUSDT,351.01882624,350.51000000,54.11051000,350.52000000,1.80779000
1601899531281,ETHUSDT,351.01882617,350.54000000,43.72546000,350.56000000,78.61198000
1601899532269,ETHUSDT,351.01887963,350.50000000,53.20560000,350.51000000,5.33482000
1601899533207,ETHUSDT,351.01885361,350.51000000,1.52478000,350.53000000,30.00000000
1601899534273,ETHUSDT,351.01885356,350.51000000,3.90283000,350.52000000,39.00000000
1601899535283,ETHUSDT,351.01888873,350.54000000,60.87012000,350.55000000,0.21370000
1601899536286,ETHUSDT,351.01889612,350.58000000,70.22081000,350.59000000,10.34500000
1601899537269,ETHUSDT,351.01891399,350.58000000,30.00000000,350.59000000,60.88739000
1601899538186,ETHUSDT,351.01891399,350.58000000,30.00000000,350.59000000,13.38739000
1601899539287,ETHUSDT,351.01891399,350.58000000,30.00000000,350.59000000,85.88739000
1601899540224,ETHUSDT,351.01891378,350.58000000,30.00000000,350.59000000,9.82470000
1601899541259,ETHUSDT,351.01891378,350.58000000,30.00000000,350.59000000,9.82470000
1601899542219,ETHUSDT,351.01891521,350.58000000,29.88312000,350.59000000,12.89992000
1601899543280,ETHUSDT,351.01891716,350.58000000,29.88312000,350.59000000,12.89992000
1601899544254,ETHUSDT,351.01891707,350.59000000,90.83716000,350.60000000,6.00000000
1601899545261,ETHUSDT,351.01891691,350.59000000,33.78711000,350.60000000,103.04153000
1601899546161,ETHUSDT,351.01891642,350.59000000,33.41169000,350.60000000,99.87769000
1601899547281,ETHUSDT,351.01891642,350.59000000,33.41169000,350.60000000,99.87769000
1601899548252,ETHUSDT,351.01891562,350.59000000,38.56918000,350.60000000,4.79250000
1601899549168,ETHUSDT,351.01891562,350.59000000,38.56918000,350.60000000,4.79250000
1601899550228,ETHUSDT,351.01891196,350.59000000,36.19962000,350.60000000,1.26521000
1601899551272,ETHUSDT,351.01891102,350.58000000,34.98359000,350.60000000,31.26521000
1601899552124,ETHUSDT,351.01891102,350.58000000,34.98359000,350.60000000,1.26521000
1601899553290,ETHUSDT,351.01890994,350.58000000,34.98359000,350.60000000,0.23095000
1601899554229,ETHUSDT,351.01890994,350.59000000,6.05492000,350.60000000,0.23095000
1601899555209,ETHUSDT,351.01890636,350.59000000,4.54109000,350.60000000,85.20000000
1601899556251,ETHUSDT,351.01889917,350.58000000,29.76146000,350.60000000,12.34421000
1601899557082,ETHUSDT,351.01889858,350.58000000,30.50242000,350.60000000,11.33339000
1601899558272,ETHUSDT,351.01889858,350.58000000,31.04738000,350.60000000,11.33339000
1601899559290,ETHUSDT,351.01890002,350.58000000,29.76146000,350.59000000,93.94175000
1601899560293,ETHUSDT,351.01889875,350.58000000,33.48328000,350.61000000,0.46016000
1601899561241,ETHUSDT,351.01889872,350.60000000,0.27174000,350.61000000,90.30333000
1601899562143,ETHUSDT,351.01889770,350.60000000,30.27174000,350.61000000,54.46671000
1601899563156,ETHUSDT,351.01891822,350.60000000,30.07702000,350.61000000,98.52845000
1601899564239,ETHUSDT,351.01892884,350.60000000,30.07702000,350.61000000,94.54417000
1601899565295,ETHUSDT,351.01893001,350.60000000,0.00002000,350.61000000,31.32839000
1601899566241,ETHUSDT,351.01893001,350.60000000,0.00002000,350.61000000,31.32839000
1601899567212,ETHUSDT,351.01889823,350.62000000,41.07960000,350.63000000,30.44458000
1601899568139,ETHUSDT,351.01889725,350.62000000,35.00000000,350.63000000,36.99562000
1601899569239,ETHUSDT,351.01889725,350.62000000,35.00000000,350.63000000,36.44458000
1601899570288,ETHUSDT,351.01905220,350.58000000,91.16406000,350.61000000,3.42267000
1601899571203,ETHUSDT,351.01905220,350.58000000,3.48328000,350.59000000,34.85857000
1601899572287,ETHUSDT,351.01905220,350.58000000,3.48328000,350.59000000,34.85857000
1601899573252,ETHUSDT,351.01905220,350.58000000,3.48328000,350.59000000,34.85857000
1601899574240,ETHUSDT,351.01907324,350.58000000,3.48328000,350.59000000,29.78490000
1601899575243,ETHUSDT,351.01907324,350.58000000,3.48328000,350.59000000,34.64376000
1601899576269,ETHUSDT,351.01906833,350.56000000,61.95442000,350.59000000,29.78490000
1601899577297,ETHUSDT,351.01906833,350.53000000,30.00000000,350.54000000,85.05104000
1601899578269,ETHUSDT,351.01906757,350.51000000,94.49014000,350.53000000,4.28289000
1601899579289,ETHUSDT,351.01902048,350.54000000,177.72313000,350.55000000,3.54647000
1601899580143,ETHUSDT,351.01902048,350.54000000,30.20000000,350.55000000,61.50000000
1601899580557,ETHUSDT,351.01902048,350.54000000,84.70486000,350.55000000,9.00000000
1601899582268,ETHUSDT,351.01902048,350.54000000,93.34247000,350.57000000,35.44239000
1601899583099,ETHUSDT,351.01902048,350.54000000,30.00000000,350.55000000,72.50000000
1601899584294,ETHUSDT,351.01903830,350.54000000,30.00000000,350.55000000,63.60496000
1601899585283,ETHUSDT,351.01903830,350.54000000,30.00000000,350.55000000,63.60496000
1601899586285,ETHUSDT,351.01904519,350.54000000,91.60081000,350.55000000,0.07118000
1601899587301,ETHUSDT,351.01917229,350.54000000,104.01296000,350.55000000,0.07118000
1601899588290,ETHUSDT,351.01917229,350.54000000,104.01296000,350.55000000,0.07118000
1601899589304,ETHUSDT,351.01917221,350.54000000,112.31735000,350.55000000,0.00018000
1601899590243,ETHUSDT,351.01917117,350.59000000,40.08931000,350.62000000,17.54448000
1601899591279,ETHUSDT,351.01917117,350.61000000,46.80071000,350.62000000,9.00000000
1601899592229,ETHUSDT,351.01916944,350.61000000,38.07753000,350.62000000,8.78080000
1601899593294,ETHUSDT,351.01953382,350.61000000,31.98565000,350.62000000,8.78080000
1601899594306,ETHUSDT,351.01964810,350.74000000,19.50000000,350.75000000,0.69480000
1601899595303,ETHUSDT,351.01964810,350.74000000,89.92459000,350.75000000,0.69480000
1601899596286,ETHUSDT,351.01964799,350.77000000,33.61809000,350.78000000,8.47966000
1601899597300,ETHUSDT,351.01964799,350.77000000,50.46526000,350.78000000,8.47966000
1601899598166,ETHUSDT,351.01964799,350.77000000,50.46526000,350.78000000,8.47966000
1601899599291,ETHUSDT,351.01965066,350.77000000,39.60090000,350.78000000,8.47966000
1601899600267,ETHUSDT,351.01965066,350.77000000,46.60834000,350.78000000,8.47966000
1601899601189,ETHUSDT,351.01965066,350.77000000,46.60834000,350.78000000,8.47966000
1601899602294,ETHUSDT,351.01965057,350.77000000,96.04173000,350.78000000,8.44551000
1601899603279,ETHUSDT,351.01965057,350.83000000,34.53374000,350.85000000,8.55000000
1601899604306,ETHUSDT,351.01965104,350.84000000,38.76701000,350.85000000,9.87673000
1601899605301,ETHUSDT,351.01965431,350.84000000,28.48887000,350.85000000,71.87673000
1601899606271,ETHUSDT,351.01965423,350.84000000,28.48887000,350.85000000,96.40096000
1601899607290,ETHUSDT,351.01965411,350.84000000,28.48887000,350.85000000,1.02673000
1601899608237,ETHUSDT,351.01965411,350.84000000,28.48887000,350.85000000,1.02673000
1601899609265,ETHUSDT,351.01966388,350.84000000,28.48887000,350.85000000,0.60320000
1601899610303,ETHUSDT,351.01966388,350.84000000,28.48887000,350.85000000,0.60320000
1601899611098,ETHUSDT,351.01966437,350.84000000,28.48887000,350.85000000,0.57037000
1601899612272,ETHUSDT,351.01966437,350.84000000,28.48887000,350.85000000,0.57037000
1601899613279,ETHUSDT,351.01966437,350.84000000,28.64701000,350.85000000,0.57037000
1601899614290,ETHUSDT,351.01966362,350.84000000,28.37701000,350.85000000,1.19009000
1601899615311,ETHUSDT,351.01964809,350.86000000,30.00000000,350.88000000,6.73886000
1601899616300,ETHUSDT,351.01983873,350.86000000,30.00000000,350.87000000,3.51200000
1601899617299,ETHUSDT,351.01992112,350.85000000,0.10859000,350.86000000,141.43180000
1601899618278,ETHUSDT,351.01992734,350.83000000,22.59821000,350.86000000,72.91041000
1601899619286,ETHUSDT,351.01991732,350.85000000,32.79125000,350.88000000,11.21698000
1601899620272,ETHUSDT,351.01990408,350.81000000,33.23088000,350.82000000,106.50000000
1601899621308,ETHUSDT,351.01991045,350.81000000,33.23088000,350.82000000,76.50000000
1601899622312,ETHUSDT,351.01996945,350.85000000,13.65374000,350.86000000,30.00000000
1601899623311,ETHUSDT,351.01996821,350.80000000,30.00000000,350.81000000,166.28829000
1601899624249,ETHUSDT,351.01996821,350.79000000,2.33891000,350.80000000,57.00000000
1601899625267,ETHUSDT,351.01996879,350.79000000,4.49137000,350.80000000,62.00000000
1601899626274,ETHUSDT,351.01996879,350.80000000,32.64985000,350.81000000,0.58000000
1601899627293,ETHUSDT,351.01996879,350.80000000,39.55832000,350.81000000,0.58000000
1601899628291,ETHUSDT,351.01996965,350.80000000,79.60831000,350.81000000,0.24857000
1601899629264,ETHUSDT,351.01996959,350.80000000,39.55832000,350.81000000,0.13687000
1601899630312,ETHUSDT,351.01997063,350.80000000,39.55832000,350.81000000,0.13687000
1601899631310,ETHUSDT,351.01997063,350.80000000,39.55832000,350.81000000,0.13687000
1601899632307,ETHUSDT,351.01997158,350.80000000,36.17358000,350.81000000,0.13687000
1601899633308,ETHUSDT,351.01997301,350.80000000,106.67358000,350.81000000,0.10243000
1601899634264,ETHUSDT,351.01997375,350.80000000,106.60078000,350.81000000,0.10243000
1601899635314,ETHUSDT,351.01997206,350.81000000,41.37912000,350.82000000,0.17455000
1601899636317,ETHUSDT,351.01997181,350.81000000,33.98301000,350.82000000,61.25455000
1601899637301,ETHUSDT,351.02012580,350.81000000,41.19928000,350.82000000,0.58000000
1601899638171,ETHUSDT,351.02012580,350.81000000,34.26911000,350.82000000,0.58000000
1601899639315,ETHUSDT,351.02012580,350.78000000,30.00000000,350.79000000,104.10430000
1601899640282,ETHUSDT,351.02012580,350.78000000,30.00000000,350.79000000,1.10430000
1601899641193,ETHUSDT,351.02012568,350.78000000,36.83817000,350.79000000,0.90517000
1601899642314,ETHUSDT,351.02012569,350.80000000,1.80822000,350.81000000,119.50000000
1601899643319,ETHUSDT,351.02012588,350.78000000,30.00000000,350.79000000,58.50000000
1601899644239,ETHUSDT,351.02012586,350.77000000,31.31514000,350.78000000,76.55000000
1601899645273,ETHUSDT,351.02012580,350.77000000,90.26497000,350.78000000,0.51700000
1601899646319,ETHUSDT,351.02011923,350.74000000,25.20000000,350.75000000,86.05345000
1601899647310,ETHUSDT,351.02011196,350.64000000,33.94315000,350.65000000,2.74535000
1601899648304,ETHUSDT,351.02011008,350.66000000,31.17524000,350.68000000,41.25019000
1601899649316,ETHUSDT,351.02010595,350.66000000,30.90595000,350.69000000,98.60225000
1601899650287,ETHUSDT,351.02010354,350.69000000,2.59442000,350.71000000,71.10225000
1601899651316,ETHUSDT,351.02010107,350.69000000,2.59442000,350.71000000,37.88245000
1601899652319,ETHUSDT,351.02003952,350.65000000,5.20757000,350.72000000,37.91465000
1601899653319,ETHUSDT,351.02003952,350.67000000,66.89999000,350.70000000,37.91465000
1601899654318,ETHUSDT,351.02009917,350.67000000,76.34999000,350.71000000,4.97331000
1601899655179,ETHUSDT,351.02010721,350.67000000,76.34999000,350.69000000,0.52154000
1601899656321,ETHUSDT,351.02010641,350.75000000,85.50000000,350.76000000,0.25888000
1601899657313,ETHUSDT,351.02011724,350.76000000,30.00000000,350.78000000,103.19810000
1601899658314,ETHUSDT,351.02011722,350.76000000,30.00000000,350.79000000,37.88116000
1601899659286,ETHUSDT,351.02017649,350.79000000,38.54400000,350.80000000,1.43000000
1601899660294,ETHUSDT,351.02017708,350.79000000,30.00000000,350.80000000,1.43000000
1601899661299,ETHUSDT,351.02017708,350.79000000,30.00000000,350.80000000,1.43000000
1601899662304,ETHUSDT,351.02034371,350.79000000,29.88312000,350.80000000,1.43000000
1601899663288,ETHUSDT,351.02034371,350.79000000,29.88312000,350.80000000,1.43000000
1601899664314,ETHUSDT,351.02034371,350.79000000,29.88312000,350.80000000,1.43000000
1601899665309,ETHUSDT,351.02034371,350.79000000,29.88312000,350.80000000,1.43000000
1601899666289,ETHUSDT,351.02034925,350.79000000,29.88312000,350.80000000,1.39581000
1601899667324,ETHUSDT,351.02038833,350.76000000,30.00000000,350.79000000,4.78345000
1601899668324,ETHUSDT,351.02038833,350.76000000,30.00000000,350.78000000,33.77160000
1601899669318,ETHUSDT,351.02038874,350.76000000,30.00000000,350.78000000,3.34144000
1601899670283,ETHUSDT,351.02038874,350.77000000,5.00000000,350.78000000,3.34144000
1601899671244,ETHUSDT,351.02038874,350.77000000,5.00000000,350.78000000,3.34144000
1601899672320,ETHUSDT,351.02038926,350.76000000,30.00000000,350.78000000,43.68192000
1601899673289,ETHUSDT,351.02045163,350.76000000,30.00000000,350.78000000,42.98193000
1601899674325,ETHUSDT,351.02069660,350.72000000,34.12598000,350.74000000,3.01200000
1601899675294,ETHUSDT,351.02072763,350.74000000,35.07325000,350.77000000,30.00000000
1601899676323,ETHUSDT,351.02072763,350.74000000,39.27292000,350.77000000,31.01228000
1601899677329,ETHUSDT,351.02072763,350.74000000,39.27292000,350.77000000,31.01228000
1601899678325,ETHUSDT,351.02072763,350.74000000,39.27292000,350.77000000,31.01228000
1601899679328,ETHUSDT,351.02075193,350.79000000,36.96280000,350.82000000,30.00000000
1601899680330,ETHUSDT,351.02091100,350.78000000,78.78004000,350.80000000,67.02999000
1601899681324,ETHUSDT,351.02090981,350.86000000,2.40000000,350.87000000,40.34048000
1601899682316,ETHUSDT,351.02090962,350.86000000,30.63840000,350.87000000,40.34048000
1601899683324,ETHUSDT,351.02095367,350.84000000,0.63840000,350.85000000,40.92048000
1601899684332,ETHUSDT,351.02095261,350.83000000,46.52799000,350.84000000,0.58000000
1601899685304,ETHUSDT,351.02095261,350.83000000,52.48371000,350.84000000,0.58000000
1601899686259,ETHUSDT,351.02095261,350.83000000,52.48371000,350.84000000,0.58000000
1601899687304,ETHUSDT,351.02095248,350.83000000,46.24899000,350.84000000,0.58000000
1601899688322,ETHUSDT,351.02094984,350.83000000,41.24059000,350.84000000,0.97544000
1601899689297,ETHUSDT,351.02095086,350.83000000,41.24059000,350.84000000,0.54849000
1601899690089,ETHUSDT,351.02095086,350.83000000,41.24059000,350.84000000,0.54849000
1601899691162,ETHUSDT,351.02095086,350.83000000,41.24059000,350.84000000,30.54849000
1601899692320,ETHUSDT,351.02097827,350.80000000,49.42929000,350.81000000,32.58866000
1601899693331,ETHUSDT,351.02096615,350.81000000,36.40163000,350.82000000,0.94708000
1601899694034,ETHUSDT,351.02096615,350.81000000,67.81074000,350.82000000,0.58000000
1601899695339,ETHUSDT,351.02096610,350.83000000,46.17265000,350.84000000,0.58000000
1601899696237,ETHUSDT,351.02260679,350.83000000,99.72485000,350.84000000,0.58000000
1601899697287,ETHUSDT,351.02261104,350.83000000,99.72485000,350.84000000,0.54834000
1601899698302,ETHUSDT,351.02261104,350.83000000,99.72485000,350.84000000,0.54834000
1601899699000,ETHUSDT,351.02277117,350.83000000,46.22485000,350.84000000,0.54834000
1601899699830,ETHUSDT,351.02277117,350.83000000,46.22485000,350.84000000,0.54834000
1601899701307,ETHUSDT,351.02277117,350.83000000,46.22485000,350.84000000,0.54834000
1601899702210,ETHUSDT,351.02277167,350.83000000,41.04956000,350.84000000,31.17681000
1601899703287,ETHUSDT,351.02282834,350.83000000,40.34956000,350.84000000,31.17681000
1601899704320,ETHUSDT,351.02291038,350.83000000,40.34956000,350.84000000,32.52794000
1601899705282,ETHUSDT,351.02291036,350.83000000,40.34956000,350.84000000,32.49350000
1601899706016,ETHUSDT,351.02291036,350.83000000,40.34956000,350.84000000,31.14237000
1601899707321,ETHUSDT,351.02291036,350.83000000,0.03135000,350.84000000,88.56447000
1601899708334,ETHUSDT,351.02294741,350.83000000,0.03135000,350.84000000,88.56447000
1601899709344,ETHUSDT,351.02294923,350.82000000,77.54358000,350.83000000,1.93158000
1601899710309,ETHUSDT,351.02294923,350.82000000,147.54772000,350.83000000,0.58000000
1601899711314,ETHUSDT,351.02294725,350.88000000,0.92858000,350.89000000,66.70724000
1601899712310,ETHUSDT,351.02294725,350.84000000,75.39144000,350.85000000,0.58000000
1601899713314,ETHUSDT,351.02294655,350.84000000,71.39144000,350.85000000,30.54617000
1601899714320,ETHUSDT,351.02294655,350.84000000,35.46056000,350.85000000,0.54617000
1601899715299,ETHUSDT,351.02294829,350.84000000,35.46056000,350.85000000,0.00024000
1601899716251,ETHUSDT,351.02294829,350.84000000,5.46056000,350.85000000,0.00024000
1601899717343,ETHUSDT,351.02294829,350.84000000,35.46056000,350.85000000,0.00024000
1601899718316,ETHUSDT,351.02294829,350.84000000,35.46056000,350.85000000,0.00024000
1601899719323,ETHUSDT,351.02294829,350.84000000,35.46056000,350.85000000,0.00024000
1601899720331,ETHUSDT,351.02294740,350.84000000,40.65912000,350.85000000,8.69576000
1601899721145,ETHUSDT,351.02294740,350.84000000,76.01246000,350.85000000,0.58000000
1601899722319,ETHUSDT,351.02294817,350.84000000,40.54224000,350.85000000,130.14717000
1601899723335,ETHUSDT,351.02294817,350.83000000,39.64714000,350.84000000,2.18171000
