timestamp,bidPrice,bidSize,askPrice,askSize
1604162411663,387.84000000,11.07188000,387.85000000,6.84055000
1604162412592,387.84000000,10.88724000,387.85000000,0.64473000
1604162413609,387.84000000,0.88724000,387.85000000,61.75243000
1604162414662,387.84000000,20.16562000,387.85000000,41.75243000
1604162415662,387.85000000,21.58679000,387.86000000,0.03187000
1604162416620,387.85000000,0.45605000,387.86000000,0.03187000
1604162417647,387.84000000,30.18616000,387.86000000,0.03187000
1604162418630,387.84000000,25.18511000,387.85000000,20.47231000
1604162419645,387.84000000,10.00000000,387.85000000,61.08818000
1604162420600,387.83000000,55.40346000,387.84000000,30.63352000
1604162421589,387.83000000,10.40346000,387.84000000,30.68539000
1604162422654,387.71000000,0.04285000,387.72000000,39.92195000
1604162423626,387.71000000,0.04285000,387.72000000,33.71984000
1604162424620,387.71000000,0.04285000,387.72000000,39.71223000
1604162425657,387.71000000,0.00085000,387.72000000,98.21223000
1604162426619,387.71000000,0.00085000,387.72000000,98.18338000
1604162427620,387.71000000,0.00085000,387.72000000,111.98809000
1604162428649,387.71000000,0.00085000,387.72000000,111.95957000
1604162429641,387.71000000,0.00085000,387.72000000,111.95957000
1604162430671,387.71000000,0.00085000,387.72000000,111.95957000
1604162431659,387.71000000,0.00085000,387.72000000,39.49063000
1604162432667,387.71000000,0.00085000,387.72000000,51.61458000
1604162433606,387.69000000,0.00031000,387.70000000,80.64758000
1604162434620,387.69000000,0.00031000,387.70000000,90.59956000
1604162435655,387.69000000,0.00031000,387.70000000,96.46757000
1604162436503,387.69000000,0.00031000,387.70000000,94.96757000
1604162437674,387.69000000,0.00031000,387.70000000,94.96757000
1604162438657,387.69000000,0.00031000,387.70000000,94.96757000
1604162439538,387.69000000,0.00031000,387.70000000,94.99931000
1604162440676,387.69000000,0.00031000,387.70000000,94.96059000
1604162441661,387.69000000,0.00031000,387.70000000,94.96059000
1604162442675,387.68000000,0.19168000,387.70000000,79.78814000
1604162443658,387.68000000,5.21975000,387.69000000,42.01027000
1604162444668,387.68000000,72.14482000,387.69000000,0.20597000
1604162445654,387.68000000,26.64533000,387.69000000,0.00005000
1604162446618,387.68000000,95.39471000,387.69000000,0.00005000
1604162447674,387.75000000,82.22089000,387.76000000,1.41017000
1604162448681,387.75000000,103.12886000,387.76000000,1.38071000
1604162449557,387.75000000,103.12886000,387.76000000,1.38071000
1604162450656,387.75000000,98.20271000,387.76000000,0.00071000
1604162451522,387.75000000,98.20271000,387.76000000,0.00071000
1604162452652,387.75000000,133.20271000,387.76000000,0.00071000
1604162453598,387.85000000,67.09460000,387.86000000,0.98238000
1604162454632,387.85000000,67.09460000,387.86000000,0.98238000
1604162455645,387.87000000,10.27955000,387.88000000,0.00080000
1604162456683,387.90000000,0.95441000,387.94000000,2.93645000
1604162457679,387.90000000,0.92862000,387.91000000,58.96772000
1604162458681,387.86000000,5.00000000,387.89000000,0.54337000
1604162459629,387.86000000,5.00000000,387.87000000,39.66563000
1604162460666,387.83000000,5.00000000,387.84000000,10.00000000
1604162461688,387.88000000,5.27451000,387.89000000,1.02880000
1604162462689,387.92000000,11.87120000,387.93000000,68.47811000
1604162463679,387.94000000,10.00000000,387.95000000,0.13897000
1604162464638,387.93000000,10.00000000,387.94000000,55.95622000
1604162465643,387.93000000,12.44594000,387.96000000,12.07966000
1604162466664,387.88000000,0.03093000,387.89000000,95.08883000
1604162467688,387.88000000,0.00093000,387.89000000,121.87046000
1604162468659,387.88000000,0.00093000,387.89000000,140.61156000
1604162469655,387.88000000,0.00093000,387.89000000,140.61156000
1604162470671,387.81000000,0.21525000,387.82000000,11.16002000
1604162471678,387.79000000,35.02897000,387.82000000,33.57824000
1604162472653,387.80000000,5.29516000,387.83000000,13.62762000
1604162473663,387.80000000,3.13385000,387.83000000,15.74902000
1604162474696,387.80000000,2.73884000,387.82000000,31.43343000
1604162475693,387.80000000,1.21084000,387.81000000,45.57258000
1604162476691,387.80000000,0.00043000,387.81000000,45.57258000
1604162477697,387.79000000,0.67647000,387.80000000,14.13920000
1604162478658,387.79000000,0.67647000,387.80000000,4.13920000
1604162479693,387.81000000,68.84402000,387.82000000,29.97090000
1604162480637,387.81000000,3.84402000,387.82000000,29.97090000
1604162481641,387.81000000,2.54017000,387.82000000,29.94049000
1604162482674,387.81000000,22.61808000,387.82000000,27.94049000
1604162483549,387.81000000,4.33138000,387.82000000,27.94049000
1604162484703,387.81000000,4.03071000,387.82000000,37.90349000
1604162485697,387.81000000,3.98079000,387.82000000,48.93982000
1604162486700,387.81000000,3.87196000,387.82000000,33.93982000
1604162487651,387.81000000,3.87196000,387.82000000,33.91209000
1604162488686,387.81000000,3.87196000,387.82000000,74.41209000
1604162489683,387.81000000,3.87196000,387.82000000,106.41209000
1604162490691,387.81000000,0.00048000,387.82000000,113.46417000
1604162491697,387.76000000,5.02897000,387.77000000,59.31203000
1604162492704,387.75000000,1.29903000,387.76000000,108.79767000
1604162493679,387.75000000,2.33255000,387.76000000,115.67803000
1604162494693,387.75000000,0.55155000,387.76000000,112.82722000
1604162495691,387.75000000,0.45170000,387.76000000,112.82722000
1604162496684,387.75000000,0.45170000,387.76000000,112.82722000
1604162497465,387.75000000,0.35185000,387.76000000,112.87161000
1604162498696,387.72000000,1.95008000,387.73000000,70.26927000
1604162499630,387.72000000,1.95008000,387.73000000,65.84587000
1604162500580,387.72000000,1.85023000,387.73000000,65.18067000
1604162501702,387.72000000,1.85023000,387.73000000,65.18067000
1604162502696,387.72000000,1.18323000,387.73000000,117.17131000
1604162503685,387.72000000,3.28923000,387.73000000,63.17131000
1604162504590,387.72000000,0.00023000,387.73000000,125.67131000
1604162505641,387.72000000,0.00023000,387.73000000,125.67131000
1604162506694,387.72000000,0.00023000,387.73000000,125.64016000
1604162507629,387.60000000,19.14300000,387.61000000,51.02771000
1604162508694,387.60000000,19.14300000,387.61000000,48.01905000
1604162509699,387.60000000,18.67126000,387.61000000,48.01905000
1604162510682,387.60000000,70.50270000,387.61000000,1.27145000
1604162511651,387.62000000,5.00000000,387.63000000,46.38450000
1604162512682,387.61000000,5.00000000,387.62000000,44.33800000
1604162513666,387.61000000,5.61486000,387.62000000,43.50495000
1604162514640,387.61000000,5.61486000,387.62000000,46.20931000
1604162515695,387.60000000,8.34905000,387.61000000,72.18184000
1604162516695,387.60000000,8.34905000,387.61000000,30.96417000
1604162517693,387.60000000,8.34905000,387.61000000,30.96417000
1604162518682,387.60000000,28.34905000,387.61000000,33.69807000
1604162519714,387.60000000,7.28971000,387.61000000,33.69807000
1604162520674,387.60000000,6.02894000,387.61000000,36.91527000
1604162521627,387.60000000,5.97902000,387.61000000,37.25725000
1604162522701,387.60000000,5.97902000,387.61000000,37.20025000
1604162523678,387.60000000,7.69600000,387.61000000,37.74358000
1604162524719,387.60000000,7.69600000,387.61000000,34.37347000
1604162525686,387.60000000,27.69600000,387.61000000,34.37347000
1604162526686,387.60000000,5.91447000,387.61000000,38.17218000
1604162527721,387.60000000,5.91447000,387.61000000,38.17218000
1604162528693,387.60000000,5.91447000,387.61000000,38.17218000
1604162529677,387.60000000,5.91447000,387.61000000,38.17218000
1604162530687,387.60000000,4.89550000,387.61000000,112.47693000
1604162531648,387.60000000,26.72702000,387.61000000,8.11643000
1604162532692,387.62000000,1.43752000,387.66000000,8.01072000
1604162533694,387.62000000,50.19232000,387.63000000,0.61951000
1604162534725,387.62000000,29.60289000,387.63000000,1.37111000
1604162535713,387.62000000,60.81728000,387.63000000,1.37111000
1604162536700,387.62000000,66.81768000,387.63000000,1.29720000
1604162537693,387.62000000,66.81768000,387.63000000,2.07245000
1604162538254,387.62000000,66.81768000,387.63000000,2.07245000
1604162539698,387.62000000,84.55237000,387.63000000,1.84274000
1604162540674,387.62000000,84.04840000,387.63000000,1.84274000
1604162541601,387.62000000,114.04840000,387.63000000,1.84274000
1604162542696,387.62000000,113.97696000,387.63000000,1.84274000
1604162543719,387.62000000,113.97696000,387.63000000,2.08992000
1604162544701,387.62000000,111.81205000,387.63000000,1.33832000
1604162545685,387.62000000,111.58744000,387.63000000,1.33832000
1604162546728,387.62000000,102.13543000,387.63000000,1.33832000
1604162547720,387.62000000,83.70663000,387.63000000,1.33700000
1604162548685,387.62000000,113.70663000,387.63000000,0.60000000
1604162549682,387.66000000,1.05434000,387.69000000,21.80976000
1604162550705,387.70000000,22.10369000,387.71000000,0.62173000
1604162551739,387.68000000,0.77626000,387.69000000,55.00000000
1604162552738,387.64000000,0.33719000,387.68000000,52.85345000
1604162553724,387.69000000,0.75066000,387.70000000,93.24522000
1604162554704,387.65000000,0.52135000,387.68000000,10.00000000
1604162555655,387.65000000,0.52135000,387.66000000,49.83244000
1604162556731,387.63000000,39.66308000,387.64000000,30.00000000
1604162557609,387.63000000,39.66308000,387.64000000,30.00000000
1604162558700,387.66000000,24.24795000,387.67000000,29.85072000
1604162559699,387.67000000,0.20632000,387.68000000,40.57474000
1604162560710,387.66000000,0.00028000,387.67000000,45.35085000
1604162561739,387.66000000,5.52972000,387.67000000,10.62457000
1604162562582,387.66000000,109.86442000,387.67000000,0.77385000
1604162563599,387.66000000,109.86442000,387.67000000,1.20038000
1604162564467,387.66000000,89.86442000,387.67000000,1.20038000
1604162565719,387.66000000,109.86442000,387.67000000,1.20038000
1604162566671,387.66000000,109.86442000,387.67000000,1.20038000
1604162567635,387.66000000,109.86442000,387.67000000,1.00038000
1604162568744,387.66000000,78.39449000,387.67000000,0.42653000
1604162569727,387.66000000,54.86442000,387.67000000,0.37486000
1604162570725,387.66000000,113.86442000,387.67000000,0.24422000
1604162571648,387.66000000,93.86442000,387.67000000,0.09138000
1604162572740,387.66000000,79.69129000,387.67000000,0.09138000
1604162573741,387.68000000,0.58319000,387.69000000,0.70723000
1604162574583,387.64000000,2.60000000,387.65000000,11.13672000
1604162575712,387.62000000,0.54435000,387.63000000,8.74346000
1604162576708,387.62000000,0.54435000,387.63000000,10.04020000
1604162577749,387.62000000,0.08361000,387.63000000,13.53151000
1604162578748,387.62000000,4.76778000,387.63000000,15.34489000
1604162579720,387.62000000,4.76778000,387.63000000,11.78126000
1604162580719,387.62000000,4.50348000,387.63000000,41.75289000
1604162581745,387.60000000,4.89550000,387.61000000,46.24896000
1604162582716,387.60000000,0.11900000,387.61000000,45.74343000
1604162583630,387.60000000,0.17477000,387.61000000,46.15763000
1604162584744,387.60000000,0.17477000,387.61000000,51.15763000
1604162585754,387.60000000,0.17477000,387.61000000,46.15763000
1604162586705,387.60000000,47.17477000,387.61000000,42.75854000
1604162587745,387.60000000,1.37769000,387.61000000,42.75854000
1604162588735,387.60000000,1.12130000,387.61000000,43.26549000
1604162589744,387.57000000,1.92842000,387.58000000,49.60371000
1604162590754,387.57000000,49.47533000,387.58000000,31.19085000
1604162591686,387.57000000,45.15733000,387.58000000,47.84672000
1604162592727,387.57000000,45.01853000,387.58000000,47.84672000
1604162593756,387.50000000,26.71328000,387.51000000,120.64885000
1604162594747,387.49000000,3.54826000,387.50000000,110.34991000
1604162595752,387.49000000,3.54826000,387.50000000,108.92251000
1604162596752,387.49000000,2.98047000,387.50000000,108.92251000
1604162597722,387.49000000,2.98047000,387.50000000,108.92251000
1604162598734,387.49000000,2.98047000,387.50000000,108.88691000
1604162599752,387.48000000,16.58800000,387.49000000,95.34942000
1604162600671,387.48000000,11.32820000,387.49000000,95.34942000
1604162601762,387.46000000,0.04931000,387.49000000,102.13782000
1604162602742,387.45000000,5.12772000,387.46000000,86.51912000
1604162603760,387.45000000,7.05963000,387.46000000,90.49633000
1604162604731,387.45000000,8.02540000,387.46000000,90.49633000
1604162605513,387.45000000,8.02540000,387.46000000,90.72983000
1604162606744,387.45000000,3.02540000,387.46000000,90.72983000
1604162607645,387.45000000,8.02540000,387.46000000,77.12296000
1604162608728,387.45000000,7.02766000,387.46000000,76.99416000
1604162609758,387.45000000,14.77686000,387.46000000,72.05080000
1604162610755,387.45000000,8.45099000,387.46000000,68.33785000
1604162611658,387.45000000,7.00612000,387.46000000,138.07679000
1604162612602,387.45000000,9.38239000,387.46000000,135.99979000
1604162613727,387.45000000,2.37627000,387.46000000,134.17410000
1604162614689,387.45000000,3.86306000,387.46000000,134.17410000
1604162615745,387.45000000,3.86306000,387.46000000,134.09648000
1604162616722,387.45000000,3.86306000,387.46000000,138.62365000
1604162617766,387.45000000,12.20486000,387.46000000,133.58624000
1604162618757,387.59000000,85.98748000,387.60000000,26.51693000
1604162619761,387.60000000,35.21531000,387.61000000,0.35903000
1604162620746,387.60000000,70.04413000,387.61000000,0.35903000
1604162621752,387.60000000,127.50990000,387.61000000,0.00003000
1604162622753,387.60000000,130.52065000,387.61000000,0.00003000
1604162623769,387.70000000,61.52006000,387.71000000,17.77534000
1604162624755,387.71000000,0.07318000,387.72000000,26.82348000
1604162625746,387.71000000,0.07318000,387.72000000,43.02471000
1604162626753,387.69000000,0.20458000,387.70000000,9.27162000
1604162627688,387.69000000,0.20458000,387.70000000,4.97126000
1604162628748,387.69000000,0.20458000,387.70000000,4.97126000
1604162629749,387.69000000,0.20458000,387.70000000,6.40745000
1604162630768,387.71000000,0.73616000,387.72000000,24.22348000
1604162631772,387.71000000,1.23290000,387.72000000,24.22348000
1604162632744,387.71000000,1.23290000,387.72000000,24.22348000
1604162633765,387.71000000,1.23290000,387.72000000,24.42525000
1604162634751,387.71000000,91.44660000,387.72000000,20.92115000
1604162635754,387.71000000,38.66099000,387.72000000,35.59583000
1604162636753,387.71000000,39.65473000,387.72000000,30.56681000
1604162637732,387.71000000,64.21353000,387.72000000,18.45881000
1604162638473,387.71000000,64.21353000,387.72000000,18.45881000
1604162639771,387.71000000,39.71353000,387.72000000,28.45881000
1604162640691,387.71000000,39.71353000,387.72000000,28.45881000
1604162641773,387.71000000,39.71353000,387.72000000,28.45881000
1604162642753,387.71000000,64.16714000,387.72000000,28.40133000
1604162643756,387.71000000,64.06038000,387.72000000,28.39813000
1604162644774,387.71000000,64.06038000,387.72000000,28.36830000
1604162645777,387.83000000,64.73603000,387.84000000,1.54702000
1604162646766,387.80000000,1.26490000,387.81000000,5.00000000
1604162647754,387.80000000,3.27720000,387.81000000,4.70292000
1604162648762,387.81000000,0.17522000,387.83000000,5.94523000
1604162649779,387.80000000,2.95712000,387.81000000,91.76425000
1604162650755,387.80000000,3.25566000,387.81000000,15.00000000
1604162651746,387.80000000,2.89822000,387.81000000,112.67253000
1604162652779,387.73000000,0.03094000,387.74000000,131.60093000
1604162653762,387.70000000,8.75220000,387.71000000,48.78573000
1604162654734,387.70000000,8.97482000,387.71000000,10.17696000
1604162655658,387.70000000,8.97482000,387.71000000,10.17696000
1604162656770,387.70000000,8.97482000,387.71000000,10.17696000
1604162657742,387.70000000,49.65664000,387.71000000,10.17696000
1604162658755,387.70000000,48.17758000,387.71000000,35.39696000
1604162659692,387.70000000,10.34120000,387.71000000,5.39696000
1604162660756,387.70000000,10.34120000,387.71000000,5.36690000
1604162661773,387.70000000,93.48799000,387.71000000,0.17696000
1604162662762,387.70000000,92.90178000,387.71000000,0.17696000
1604162663761,387.72000000,0.33567000,387.75000000,23.00632000
1604162664782,387.82000000,20.00000000,387.83000000,61.94842000
1604162665780,387.82000000,10.00000000,387.83000000,50.13990000
1604162666782,387.83000000,68.37747000,387.84000000,36.71251000
1604162667758,387.83000000,60.59514000,387.84000000,20.59252000
1604162668781,387.83000000,68.98314000,387.84000000,20.59252000
1604162669750,387.86000000,10.87095000,387.87000000,0.17809000
1604162670771,387.86000000,65.22572000,387.87000000,0.17809000
1604162671767,387.86000000,62.54236000,387.87000000,0.17809000
1604162672762,387.86000000,66.34236000,387.87000000,0.17809000
1604162673767,387.91000000,10.00000000,387.92000000,56.82086000
1604162674786,387.91000000,15.00000000,387.92000000,56.82086000
1604162675771,387.89000000,6.59500000,387.90000000,68.54233000
1604162676764,387.89000000,15.88800000,387.90000000,63.54233000
1604162677782,387.84000000,0.00061000,387.85000000,134.70688000
1604162678766,387.84000000,0.00061000,387.85000000,134.70688000
1604162679699,387.84000000,0.00061000,387.85000000,129.70688000
1604162680699,387.84000000,0.00061000,387.85000000,128.85508000
1604162681743,387.84000000,0.00061000,387.85000000,128.85508000
1604162682773,387.81000000,10.63927000,387.82000000,44.89185000
1604162683770,387.81000000,10.63927000,387.82000000,50.31690000
1604162684780,387.81000000,14.50192000,387.82000000,33.83353000
1604162685781,387.81000000,3.80000000,387.82000000,55.28579000
1604162686726,387.81000000,55.30590000,387.82000000,31.35926000
1604162687790,387.80000000,26.42768000,387.81000000,39.69602000
1604162688773,387.80000000,20.53968000,387.81000000,38.69605000
1604162689760,387.80000000,20.53968000,387.81000000,43.69605000
1604162690785,387.80000000,30.53968000,387.81000000,8.43908000
1604162691799,387.88000000,69.10149000,387.89000000,0.62593000
1604162692789,387.88000000,82.97874000,387.89000000,0.62593000
1604162693764,387.88000000,84.23247000,387.89000000,0.59512000
1604162694763,387.88000000,84.23247000,387.89000000,0.59512000
1604162695785,387.88000000,74.08553000,387.89000000,0.59512000
1604162696782,387.88000000,66.96462000,387.89000000,0.59512000
1604162697801,387.95000000,0.00045000,387.96000000,3.91936000
1604162698795,387.92000000,3.80000000,387.93000000,110.00729000
1604162699789,387.92000000,3.26618000,387.93000000,70.18960000
1604162700788,387.92000000,1.19552000,387.93000000,34.26957000
1604162701776,387.92000000,1.19552000,387.93000000,68.38064000
1604162702784,387.92000000,1.24175000,387.93000000,65.20639000
1604162703784,387.92000000,0.89373000,387.93000000,57.60621000
1604162704778,387.92000000,1.62809000,387.93000000,56.35928000
1604162705775,387.92000000,0.00050000,387.93000000,63.28749000
1604162706786,387.92000000,0.00050000,387.93000000,63.04789000
1604162707701,387.91000000,0.46957000,387.92000000,113.66707000
1604162708720,387.91000000,0.00693000,387.92000000,116.94897000
1604162709762,387.91000000,0.00693000,387.92000000,113.63720000
1604162710712,387.91000000,2.69455000,387.92000000,112.60809000
1604162711795,387.91000000,1.01763000,387.92000000,113.44577000
1604162712549,387.91000000,1.01763000,387.92000000,89.29135000
1604162713804,387.91000000,0.00009000,387.92000000,112.48154000
1604162714639,387.90000000,3.87340000,387.91000000,155.46924000
1604162715806,387.90000000,1.65140000,387.91000000,176.59218000
1604162716789,387.88000000,0.80000000,387.89000000,79.32932000
1604162717801,387.88000000,0.80000000,387.89000000,79.32932000
1604162718815,387.88000000,0.60000000,387.89000000,77.92533000
1604162719774,387.84000000,26.70528000,387.85000000,58.23873000
1604162720788,387.84000000,26.70528000,387.85000000,58.23873000
1604162721655,387.84000000,26.70528000,387.85000000,58.23873000
1604162722758,387.84000000,26.70528000,387.85000000,51.11021000
1604162723805,387.84000000,26.65840000,387.85000000,58.33593000
1604162724771,387.84000000,21.65840000,387.85000000,63.33593000
1604162725751,387.84000000,21.65840000,387.85000000,63.33593000
1604162726786,387.84000000,20.26047000,387.85000000,63.30670000
1604162727814,387.84000000,20.26047000,387.85000000,36.20978000
1604162728647,387.84000000,20.18606000,387.85000000,63.15682000
1604162729815,387.84000000,35.18606000,387.85000000,0.12880000
1604162730823,387.87000000,7.46600000,387.88000000,0.59148000
1604162731809,387.92000000,4.03769000,387.93000000,5.00000000
1604162732799,387.88000000,7.46600000,387.89000000,59.61960000
1604162733779,387.88000000,2.46600000,387.89000000,60.30465000
1604162734815,387.88000000,9.86600000,387.89000000,34.60443000
1604162735773,387.88000000,10.42465000,387.89000000,30.11805000
1604162736818,387.88000000,10.42465000,387.89000000,30.11805000
1604162737820,387.88000000,9.86600000,387.89000000,93.42656000
1604162738821,387.88000000,7.58335000,387.89000000,93.42656000
1604162739825,387.88000000,7.58335000,387.89000000,93.35951000
1604162740807,387.88000000,6.21129000,387.89000000,97.03749000
1604162741816,387.88000000,6.21129000,387.89000000,97.03749000
1604162742795,387.88000000,6.18277000,387.89000000,97.03749000
1604162743787,387.90000000,5.46479000,387.91000000,69.35441000
1604162744806,387.90000000,5.46479000,387.91000000,17.51053000
1604162745606,387.90000000,5.46479000,387.91000000,21.59416000
1604162746823,387.90000000,5.46479000,387.91000000,17.51053000
1604162747807,387.90000000,5.46479000,387.91000000,55.99626000
1604162748828,387.88000000,4.86600000,387.90000000,0.71710000
1604162749821,387.89000000,5.76282000,387.90000000,11.76824000
1604162750814,387.90000000,7.04620000,387.91000000,108.45260000
1604162751769,387.90000000,6.57062000,387.91000000,102.05695000
1604162752824,387.90000000,6.47077000,387.91000000,102.05695000
1604162753806,387.90000000,6.47077000,387.91000000,102.16798000
1604162754658,387.90000000,6.34197000,387.91000000,102.16798000
1604162755827,387.91000000,14.97500000,387.92000000,19.19103000
1604162756780,387.91000000,10.60400000,387.92000000,19.19103000
1604162757484,387.91000000,10.55408000,387.92000000,19.19103000
1604162758830,387.91000000,10.55408000,387.92000000,19.19103000
1604162759811,387.91000000,13.28117000,387.92000000,19.16139000
1604162760696,387.91000000,10.68714000,387.92000000,19.16139000
1604162761843,387.91000000,10.68714000,387.92000000,19.16139000
1604162762816,387.91000000,10.74483000,387.92000000,19.16139000
1604162763689,387.91000000,10.79132000,387.92000000,19.26330000
1604162764812,387.91000000,10.79132000,387.92000000,19.26330000
1604162765817,387.91000000,10.79132000,387.92000000,19.26330000
1604162766745,387.91000000,10.79132000,387.92000000,19.26330000
1604162767840,387.91000000,10.74483000,387.92000000,19.20364000
1604162768779,387.91000000,10.69862000,387.92000000,19.41789000
1604162769791,387.91000000,10.69862000,387.92000000,19.41789000
1604162770821,387.91000000,12.69862000,387.92000000,19.20364000
1604162771630,387.91000000,12.69862000,387.92000000,19.20364000
1604162772693,387.91000000,12.62742000,387.92000000,61.86506000
1604162773829,387.91000000,2.23306000,387.92000000,128.14779000
1604162774796,387.90000000,1.20000000,387.91000000,145.84601000
1604162775814,387.84000000,66.45500000,387.85000000,56.42745000
1604162776802,387.84000000,71.90120000,387.85000000,55.98702000
1604162777743,387.84000000,71.90120000,387.85000000,55.98702000
1604162778835,387.87000000,10.00000000,387.88000000,38.30111000
1604162779832,387.86000000,5.00000000,387.87000000,0.42683000
1604162780830,387.87000000,10.00000000,387.88000000,0.19361000
1604162781850,387.89000000,34.75645000,387.90000000,18.06607000
1604162782841,387.91000000,17.23194000,387.92000000,19.15515000
1604162783805,387.91000000,41.95310000,387.92000000,24.12817000
1604162784698,387.91000000,37.23185000,387.92000000,24.12817000
1604162785665,387.91000000,37.23185000,387.92000000,20.51817000
1604162786816,387.91000000,41.64292000,387.92000000,15.51817000
1604162787852,387.91000000,83.87633000,387.92000000,9.34005000
1604162788853,387.95000000,22.39861000,387.96000000,44.21000000
1604162789835,387.95000000,17.18449000,387.96000000,44.21000000
1604162790829,387.95000000,23.71158000,387.96000000,41.17949000
1604162791717,387.95000000,20.98449000,387.96000000,40.71349000
1604162792828,387.95000000,20.98449000,387.96000000,40.71349000
1604162793826,388.02000000,0.53095000,388.03000000,38.25700000
1604162794809,388.03000000,0.87103000,388.04000000,5.00000000
1604162795826,388.04000000,2.46267000,388.05000000,41.75793000
1604162796855,388.04000000,6.26267000,388.05000000,11.75793000
1604162797838,388.09000000,1.49388000,388.10000000,34.43203000
1604162798848,388.06000000,0.15815000,388.07000000,38.99812000
1604162799858,388.06000000,0.15815000,388.07000000,8.99812000
1604162800844,388.05000000,4.15801000,388.09000000,30.44478000
1604162801801,388.05000000,9.26026000,388.09000000,0.25303000
1604162802847,388.08000000,3.80000000,388.09000000,5.25303000
1604162803833,388.08000000,8.80000000,388.09000000,52.33972000
1604162804826,388.08000000,3.80000000,388.09000000,52.89415000
1604162805788,388.08000000,6.62521000,388.09000000,103.01125000
1604162806860,388.08000000,1.16212000,388.09000000,108.97195000
1604162807796,388.08000000,1.67651000,388.09000000,108.97195000
1604162808745,388.08000000,1.67651000,388.09000000,108.97195000
1604162809785,388.08000000,1.67651000,388.09000000,66.72190000
1604162810792,388.08000000,1.67651000,388.09000000,66.72190000
1604162811822,388.08000000,2.07875000,388.09000000,46.27127000
1604162812859,388.08000000,6.16212000,388.09000000,40.60313000
1604162813822,388.08000000,6.16212000,388.09000000,2.03477000
1604162814857,388.08000000,6.16212000,388.09000000,5.07407000
1604162815866,388.09000000,48.10101000,388.10000000,32.17890000
1604162816850,388.09000000,102.33692000,388.10000000,32.17890000
1604162817783,388.09000000,49.90101000,388.10000000,32.17890000
1604162818792,388.09000000,78.95462000,388.10000000,14.73890000
1604162819737,388.09000000,37.26011000,388.10000000,13.73890000
1604162820827,388.06000000,4.96394000,388.07000000,31.60480000
1604162821805,388.06000000,4.96394000,388.07000000,31.57406000
1604162822826,388.08000000,5.00000000,388.09000000,69.36677000
1604162823855,388.08000000,5.00000000,388.09000000,2.93353000
1604162824841,388.09000000,19.38738000,388.10000000,7.53366000
1604162825807,388.09000000,19.38738000,388.10000000,7.53366000
1604162826793,388.09000000,4.61819000,388.10000000,13.57045000
1604162827841,388.09000000,4.61819000,388.10000000,7.50428000
1604162828832,388.09000000,4.32286000,388.10000000,1.25307000
1604162829832,388.09000000,2.89255000,388.10000000,1.25307000
1604162830824,388.09000000,2.89255000,388.10000000,1.25307000
1604162831827,388.09000000,2.89255000,388.10000000,1.25307000
1604162832843,388.10000000,5.45046000,388.11000000,45.49406000
1604162833872,388.17000000,10.00000000,388.18000000,33.08936000
1604162834872,388.16000000,5.38238000,388.19000000,0.15000000
1604162835867,388.18000000,85.80138000,388.19000000,0.11995000
1604162836868,388.18000000,100.04478000,388.19000000,0.11995000
1604162837868,388.20000000,8.26050000,388.21000000,5.00000000
1604162838838,388.20000000,8.26050000,388.21000000,69.71753000
1604162839840,388.20000000,7.83695000,388.21000000,124.65271000
1604162840843,388.20000000,12.83695000,388.21000000,40.12195000
1604162841872,388.20000000,12.83695000,388.21000000,40.12195000
1604162842747,388.20000000,13.22404000,388.21000000,66.77152000
1604162843855,388.20000000,5.18442000,388.21000000,61.80300000
1604162844874,388.25000000,10.00000000,388.26000000,0.19225000
1604162845876,388.26000000,65.96326000,388.27000000,3.61385000
1604162846863,388.26000000,63.76326000,388.27000000,2.21385000
1604162847872,388.32000000,0.69065000,388.35000000,5.11390000
1604162848871,388.33000000,0.54504000,388.35000000,5.00000000
1604162849874,388.24000000,5.28143000,388.27000000,15.45000000
1604162850875,388.24000000,5.00000000,388.27000000,30.21255000
1604162851857,388.24000000,5.00000000,388.27000000,30.21255000
1604162852879,388.28000000,0.31286000,388.29000000,84.90201000
1604162853829,388.28000000,0.31286000,388.29000000,104.77328000
1604162854868,388.28000000,1.11912000,388.29000000,99.47754000
1604162855876,388.28000000,0.31286000,388.29000000,99.47754000
1604162856862,388.28000000,1.11912000,388.29000000,71.32313000
1604162857876,388.28000000,1.11912000,388.29000000,91.32313000
1604162858757,388.28000000,1.40612000,388.29000000,69.32313000
1604162859800,388.28000000,1.40612000,388.29000000,69.32313000
1604162860819,388.28000000,1.40612000,388.29000000,89.29426000
1604162861883,388.28000000,52.40612000,388.29000000,30.00000000
1604162862870,388.28000000,6.40612000,388.29000000,49.58231000
1604162863869,388.28000000,0.80626000,388.29000000,98.65705000
1604162864864,388.28000000,73.62910000,388.29000000,0.05200000
1604162865885,388.25000000,5.58384000,388.26000000,111.34598000
1604162866885,388.25000000,5.67249000,388.26000000,24.24016000
1604162867886,388.26000000,97.42786000,388.27000000,2.65295000
1604162868801,388.28000000,90.04094000,388.29000000,0.02231000
1604162869867,388.28000000,90.04094000,388.29000000,0.02231000
1604162870873,388.28000000,90.04094000,388.29000000,0.02231000
1604162871879,388.28000000,7.20990000,388.29000000,0.70897000
1604162872859,388.28000000,55.50990000,388.29000000,0.02231000
1604162873855,388.28000000,34.64387000,388.29000000,40.92075000
1604162874879,388.29000000,43.93194000,388.30000000,52.68716000
1604162875864,388.29000000,49.00526000,388.30000000,20.11635000
1604162876870,388.29000000,74.50526000,388.30000000,20.11635000
1604162877890,388.29000000,52.79140000,388.30000000,25.11635000
1604162878883,388.29000000,18.11266000,388.30000000,20.11635000
1604162879806,388.29000000,18.11266000,388.30000000,20.11635000
1604162880865,388.29000000,48.11266000,388.30000000,20.11635000
1604162881888,388.29000000,17.92123000,388.30000000,20.11635000
1604162882889,388.29000000,54.81383000,388.30000000,20.03859000
1604162883873,388.29000000,63.31253000,388.30000000,20.03859000
1604162884873,388.29000000,93.62908000,388.30000000,20.03859000
1604162885870,388.29000000,54.58357000,388.30000000,19.92859000
1604162886804,388.29000000,112.60149000,388.30000000,19.92859000
1604162887869,388.29000000,3.27756000,388.30000000,81.53785000
1604162888864,388.29000000,3.04730000,388.30000000,89.00506000
1604162889848,388.29000000,2.91486000,388.30000000,89.00506000
1604162890763,388.29000000,2.36495000,388.30000000,89.00506000
1604162891829,388.29000000,2.36495000,388.30000000,88.97517000
1604162892845,388.29000000,2.36495000,388.30000000,89.17805000
1604162893855,388.29000000,2.36495000,388.30000000,86.78805000
1604162894888,388.29000000,2.42677000,388.30000000,80.75805000
1604162895854,388.29000000,2.42677000,388.30000000,58.93787000
1604162896866,388.29000000,2.42677000,388.30000000,58.93787000
1604162897810,388.29000000,2.42677000,388.30000000,58.90863000
1604162898870,388.29000000,2.42677000,388.30000000,58.90863000
1604162899831,388.29000000,1.24473000,388.30000000,58.90863000
1604162900904,388.29000000,6.24473000,388.30000000,53.90863000
1604162901891,388.32000000,57.34097000,388.33000000,5.00000000
1604162902870,388.32000000,57.34097000,388.33000000,5.00000000
1604162903880,388.29000000,1.83911000,388.30000000,2.00000000
1604162904888,388.28000000,1.00812000,388.29000000,2.00000000
1604162905903,388.30000000,0.19184000,388.31000000,5.00000000
1604162906887,388.30000000,0.19184000,388.31000000,41.42286000
1604162907902,388.28000000,1.07818000,388.29000000,43.03794000
1604162908888,388.28000000,0.69387000,388.29000000,66.29593000
1604162909886,388.28000000,0.00087000,388.29000000,46.29593000
1604162910902,388.30000000,0.17522000,388.31000000,30.00000000
1604162911881,388.32000000,0.11057000,388.33000000,33.40184000
1604162912857,388.33000000,78.06106000,388.34000000,0.03090000
1604162913902,388.37000000,0.08671000,388.38000000,5.00000000
1604162914904,388.34000000,0.17666000,388.35000000,117.29173000
1604162915864,388.34000000,35.17666000,388.35000000,5.00000000
1604162916901,388.36000000,30.42282000,388.37000000,5.00000000
1604162917902,388.37000000,0.11442000,388.38000000,25.94574000
1604162918903,388.37000000,0.04423000,388.40000000,15.30589000
1604162919906,388.36000000,30.00000000,388.37000000,11.08822000
1604162920910,388.37000000,0.05626000,388.40000000,5.91067000
1604162921908,388.38000000,0.02584000,388.40000000,10.59865000
1604162922908,388.37000000,0.03951000,388.39000000,0.28224000
1604162923883,388.36000000,5.00000000,388.38000000,5.01005000
1604162924906,388.36000000,5.00000000,388.38000000,5.01005000
1604162925896,388.37000000,0.02656000,388.38000000,50.47402000
1604162926899,388.34000000,87.00116000,388.39000000,4.97402000
1604162927904,388.36000000,54.07354000,388.40000000,8.19234000
1604162928907,388.43000000,0.09757000,388.44000000,51.91533000
1604162929909,388.44000000,5.48369000,388.45000000,5.00000000
1604162930912,388.41000000,1.76021000,388.45000000,55.99019000
1604162931906,388.42000000,0.19647000,388.43000000,25.00000000
1604162932805,388.42000000,0.19647000,388.43000000,5.00000000
1604162933896,388.40000000,0.26910000,388.43000000,99.20254000
1604162934822,388.41000000,2.01484000,388.42000000,5.00000000
1604162935910,388.36000000,5.27566000,388.37000000,24.76000000
1604162936905,388.39000000,13.42723000,388.40000000,38.97116000
1604162937911,388.36000000,4.80000000,388.37000000,81.31231000
1604162938915,388.36000000,2.63888000,388.37000000,42.16775000
1604162939911,388.36000000,2.63888000,388.37000000,42.16775000
1604162940904,388.37000000,7.40303000,388.38000000,44.43725000
1604162941909,388.37000000,7.40303000,388.38000000,43.82965000
1604162942916,388.37000000,35.30815000,388.38000000,3.82965000
1604162943908,388.37000000,5.56142000,388.38000000,33.76166000
1604162944872,388.37000000,5.56142000,388.38000000,33.76166000
1604162945906,388.35000000,10.00000000,388.36000000,74.95146000
1604162946864,388.33000000,0.00090000,388.34000000,90.20202000
1604162947853,388.33000000,0.00090000,388.34000000,88.49802000
1604162948918,388.33000000,20.00090000,388.37000000,9.82932000
1604162949917,388.34000000,0.41842000,388.37000000,0.13395000
1604162950894,388.34000000,13.47705000,388.35000000,5.90223000
1604162951916,388.34000000,0.28023000,388.35000000,58.94418000
1604162952914,388.33000000,0.23208000,388.35000000,11.45006000
1604162953827,388.32000000,5.00000000,388.33000000,79.07313000
1604162954922,388.35000000,71.44547000,388.37000000,0.20000000
1604162955883,388.37000000,25.39810000,388.38000000,7.76807000
1604162956911,388.37000000,55.39810000,388.38000000,7.76807000
1604162957859,388.37000000,29.74514000,388.38000000,3.76166000
1604162958921,388.37000000,84.94781000,388.38000000,3.76166000
1604162959920,388.37000000,84.83126000,388.38000000,3.76166000
1604162960900,388.37000000,84.85701000,388.38000000,3.68666000
1604162961923,388.37000000,114.85701000,388.38000000,3.68666000
1604162962916,388.37000000,114.85701000,388.38000000,3.68666000
1604162963919,388.37000000,114.85701000,388.38000000,1.77361000
1604162964918,388.37000000,114.85701000,388.38000000,1.77361000
1604162965819,388.37000000,123.29831000,388.38000000,1.77361000
1604162966858,388.37000000,123.29831000,388.38000000,1.77361000
1604162967903,388.37000000,38.09564000,388.38000000,1.77361000
1604162968924,388.37000000,0.08330000,388.38000000,58.50000000
1604162969918,388.34000000,3.04418000,388.35000000,10.00000000
1604162970911,388.35000000,0.22686000,388.38000000,61.30356000
1604162971924,388.36000000,76.25183000,388.37000000,4.15651000
1604162972916,388.35000000,0.12210000,388.36000000,14.89199000
1604162973898,388.35000000,0.12210000,388.36000000,4.89199000
1604162974907,388.35000000,0.12210000,388.36000000,4.89199000
1604162975918,388.35000000,0.12210000,388.36000000,4.89199000
1604162976906,388.34000000,1.36542000,388.37000000,5.81227000
1604162977927,388.34000000,1.28728000,388.37000000,0.00687000
1604162978903,388.36000000,26.88451000,388.37000000,0.00687000
1604162979922,388.35000000,0.11354000,388.38000000,4.77672000
1604162980922,388.36000000,0.13777000,388.39000000,27.93907000
1604162981925,388.36000000,0.13777000,388.39000000,32.93907000
1604162982896,388.36000000,0.13777000,388.38000000,5.00000000
1604162983840,388.37000000,0.11580000,388.38000000,7.42870000
1604162984859,388.37000000,22.85670000,388.38000000,5.00000000
1604162985928,388.40000000,25.11565000,388.41000000,0.13777000
1604162986918,388.44000000,20.00000000,388.45000000,35.30356000
1604162987924,388.43000000,25.93994000,388.44000000,10.01965000
1604162988928,388.43000000,0.00090000,388.44000000,102.58911000
1604162989878,388.43000000,0.00090000,388.44000000,102.58911000
1604162990928,388.43000000,0.00090000,388.44000000,102.58911000
1604162991925,388.38000000,0.17723000,388.40000000,4.85740000
1604162992857,388.38000000,0.17723000,388.40000000,4.85740000
1604162993929,388.37000000,0.11795000,388.41000000,16.55255000
1604162994931,388.43000000,30.19754000,388.44000000,32.68352000
1604162995909,388.44000000,24.88420000,388.45000000,33.25298000
1604162996931,388.44000000,28.42871000,388.45000000,30.87276000
1604162997849,388.42000000,3.19936000,388.45000000,35.87276000
1604162998931,388.45000000,0.44862000,388.47000000,6.00000000
1604162999889,388.43000000,3.57396000,388.46000000,35.00000000
1604163000931,388.43000000,28.19934000,388.44000000,2.44814000
1604163001932,388.43000000,5.06229000,388.44000000,2.38584000
1604163002873,388.43000000,8.26163000,388.45000000,2.42942000
1604163003930,388.49000000,31.48323000,388.50000000,27.02702000
1604163004927,388.49000000,123.30902000,388.50000000,26.96473000
1604163005924,388.49000000,58.91123000,388.50000000,23.96473000
1604163006930,388.49000000,105.90418000,388.50000000,23.96473000
1604163007907,388.49000000,53.91059000,388.50000000,19.70873000
1604163008905,388.49000000,28.91063000,388.50000000,19.70873000
1604163009932,388.49000000,28.91063000,388.50000000,19.70873000
1604163010907,388.49000000,76.52208000,388.50000000,19.67829000
1604163011873,388.49000000,126.34760000,388.50000000,20.55120000
1604163012864,388.49000000,126.34760000,388.50000000,20.55120000
1604163013932,388.49000000,46.45423000,388.50000000,20.91975000
1604163014934,388.48000000,74.72229000,388.50000000,20.91975000
1604163015932,388.49000000,38.47847000,388.50000000,50.91975000
1604163016852,388.49000000,5.47739000,388.50000000,19.30588000
1604163017932,388.46000000,8.00000000,388.47000000,5.77444000
1604163018927,388.46000000,8.00000000,388.47000000,38.18475000
1604163019654,388.46000000,8.00000000,388.47000000,43.18475000
1604163020836,388.44000000,16.23094000,388.45000000,32.79229000
1604163021920,388.44000000,16.23094000,388.45000000,32.79229000
1604163022892,388.44000000,16.23094000,388.45000000,38.43232000
1604163023835,388.44000000,36.23094000,388.45000000,38.43232000
1604163024824,388.44000000,36.50304000,388.45000000,39.30508000
1604163025750,388.44000000,36.50304000,388.45000000,39.30508000
1604163026872,388.44000000,36.50304000,388.45000000,36.51279000
1604163027834,388.44000000,36.50304000,388.45000000,39.65968000
1604163028640,388.44000000,25.27210000,388.45000000,39.65968000
1604163029922,388.44000000,25.00000000,388.45000000,41.30038000
1604163030932,388.44000000,5.00000000,388.45000000,41.30038000
1604163031841,388.44000000,5.00000000,388.45000000,40.42762000
1604163032926,388.44000000,10.00000000,388.45000000,45.02762000
1604163033939,388.44000000,10.00000000,388.45000000,81.02762000
1604163034918,388.41000000,0.45493000,388.42000000,42.44589000
1604163035867,388.39000000,5.00000000,388.40000000,33.70636000
1604163036937,388.34000000,5.48511000,388.35000000,103.37310000
1604163037915,388.34000000,2.68511000,388.35000000,103.37310000
1604163038836,388.34000000,2.68511000,388.35000000,104.76647000
1604163039938,388.34000000,2.68511000,388.35000000,102.38441000
1604163040932,388.34000000,2.68511000,388.35000000,102.38441000
1604163041943,388.31000000,0.03090000,388.32000000,105.23858000
1604163042859,388.31000000,0.03090000,388.32000000,113.12189000
1604163043930,388.31000000,5.00090000,388.32000000,70.44508000
1604163044891,388.31000000,0.00090000,388.32000000,105.44508000
1604163045939,388.28000000,10.09812000,388.32000000,93.50664000
1604163046942,388.29000000,0.66916000,388.30000000,71.92042000
1604163047941,388.29000000,0.66916000,388.30000000,34.95000000
1604163048945,388.27000000,2.43090000,388.28000000,100.62518000
1604163049944,388.22000000,8.10200000,388.23000000,35.25428000
1604163050946,388.29000000,83.13830000,388.30000000,30.00000000
1604163051943,388.26000000,0.45331000,388.27000000,82.04552000
1604163052942,388.25000000,5.60000000,388.26000000,31.86970000
1604163053925,388.26000000,4.83946000,388.27000000,36.96738000
1604163054848,388.26000000,9.96661000,388.27000000,34.97169000
1604163055945,388.26000000,5.09377000,388.27000000,44.97169000
1604163056942,388.26000000,0.38147000,388.27000000,44.97169000
1604163057946,388.26000000,0.50862000,388.27000000,44.60414000
1604163058934,388.25000000,0.00027000,388.26000000,182.93589000
1604163059946,388.26000000,38.15279000,388.28000000,1.44755000
1604163060862,388.27000000,28.85044000,388.28000000,2.22023000
1604163061920,388.27000000,29.23191000,388.28000000,2.25114000
1604163062940,388.27000000,72.98623000,388.28000000,2.20557000
1604163063699,388.27000000,29.61338000,388.28000000,2.20557000
1604163064944,388.27000000,112.39374000,388.28000000,0.00057000
1604163065865,388.29000000,69.15068000,388.30000000,6.79800000
1604163066922,388.29000000,69.27783000,388.30000000,6.69800000
1604163067942,388.29000000,0.25431000,388.30000000,113.66537000
1604163068862,388.29000000,0.25431000,388.30000000,103.33165000
1604163069749,388.29000000,0.25431000,388.30000000,103.33165000
1604163070857,388.29000000,0.25431000,388.30000000,103.33165000
1604163071913,388.29000000,0.25431000,388.30000000,98.13030000
1604163072932,388.29000000,0.89009000,388.30000000,112.58546000
1604163073950,388.27000000,6.01726000,388.28000000,40.19611000
1604163074948,388.27000000,6.01726000,388.28000000,70.19622000
1604163075911,388.27000000,6.01726000,388.28000000,70.19622000
1604163076856,388.27000000,6.52589000,388.28000000,53.18421000
1604163077926,388.27000000,7.29854000,388.28000000,53.18421000
1604163078938,388.27000000,21.07419000,388.28000000,30.00000000
1604163079951,388.27000000,2.68001000,388.28000000,146.99554000
1604163080773,388.27000000,1.79081000,388.28000000,153.84326000
1604163081683,388.27000000,1.79081000,388.28000000,142.91938000
1604163082949,388.27000000,1.79081000,388.28000000,134.24460000
1604163083852,388.27000000,1.79081000,388.28000000,134.28624000
1604163084940,388.25000000,2.02390000,388.26000000,170.73827000
1604163085899,388.25000000,1.98224000,388.26000000,149.41144000
1604163086871,388.25000000,1.98224000,388.26000000,191.31238000
1604163087916,388.25000000,1.94060000,388.26000000,195.76143000
1604163088853,388.25000000,0.00096000,388.26000000,195.71979000
1604163089922,388.25000000,0.00096000,388.26000000,195.68117000
1604163090945,388.19000000,0.00004000,388.20000000,120.23612000
1604163091926,388.19000000,0.00004000,388.20000000,120.13844000
1604163092942,388.18000000,0.00006000,388.19000000,179.40854000
1604163093934,388.18000000,0.00006000,388.19000000,220.80854000
1604163094932,388.18000000,0.00006000,388.19000000,220.80854000
1604163095939,388.15000000,0.92316000,388.16000000,153.46827000
1604163096949,388.09000000,2.50000000,388.10000000,89.90958000
1604163097878,388.09000000,2.50000000,388.10000000,89.53158000
1604163098945,388.09000000,7.50000000,388.10000000,84.50163000
1604163099942,388.09000000,7.50000000,388.10000000,77.81437000
1604163100930,388.09000000,8.52254000,388.10000000,72.17747000
1604163101940,388.09000000,8.52254000,388.10000000,76.50000000
1604163102891,388.09000000,8.52254000,388.10000000,79.50000000
1604163103947,388.09000000,8.52254000,388.10000000,79.41687000
1604163104905,388.09000000,8.52254000,388.10000000,79.41687000
1604163105873,388.09000000,8.52254000,388.10000000,79.41687000
1604163106957,388.09000000,8.52254000,388.10000000,79.41687000
1604163107868,388.09000000,8.52254000,388.10000000,42.97103000
1604163108963,388.17000000,25.85025000,388.18000000,52.22735000
1604163109920,388.17000000,5.00000000,388.18000000,63.67600000
1604163110955,388.16000000,5.85025000,388.17000000,71.88640000
1604163111861,388.16000000,0.85025000,388.17000000,79.78425000
1604163112956,388.16000000,0.85025000,388.17000000,74.77647000
1604163113919,388.16000000,0.85025000,388.17000000,74.77647000
1604163114961,388.14000000,5.62640000,388.15000000,31.35960000
1604163115967,388.15000000,55.51046000,388.16000000,1.29012000
1604163116942,388.15000000,74.35605000,388.16000000,0.79877000
1604163117969,388.22000000,31.45934000,388.23000000,30.03148000
1604163118922,388.22000000,27.90649000,388.23000000,0.77323000
1604163119879,388.22000000,32.45159000,388.23000000,0.80471000
1604163120927,388.22000000,61.31159000,388.23000000,0.80471000
1604163121918,388.22000000,101.10865000,388.23000000,0.03148000
1604163122963,388.25000000,17.95011000,388.26000000,51.57944000
1604163123918,388.23000000,0.01918000,388.24000000,52.01430000
1604163124870,388.23000000,0.01918000,388.24000000,52.01430000
1604163125889,388.23000000,0.01918000,388.24000000,39.50608000
1604163126893,388.23000000,0.01918000,388.24000000,39.50608000
1604163127951,388.23000000,0.01918000,388.24000000,39.50608000
1604163128926,388.22000000,2.87000000,388.23000000,107.58391000
1604163129886,388.21000000,5.03091000,388.22000000,93.80915000
1604163130872,388.21000000,5.03091000,388.22000000,93.80915000
1604163131586,388.21000000,5.03091000,388.22000000,99.75248000
1604163132787,388.21000000,5.03091000,388.22000000,99.53982000
1604163133892,388.21000000,5.03091000,388.22000000,99.53982000
1604163134962,388.21000000,15.76595000,388.22000000,30.21086000
1604163135936,388.23000000,15.73504000,388.24000000,5.00000000
1604163136967,388.23000000,9.55272000,388.24000000,4.96904000
1604163137956,388.26000000,14.77254000,388.27000000,1.83500000
1604163138973,388.25000000,4.52312000,388.26000000,5.00000000
1604163139937,388.25000000,14.55256000,388.26000000,5.00000000
1604163140979,388.25000000,4.55256000,388.26000000,80.35773000
1604163141927,388.21000000,0.03091000,388.22000000,118.41293000
1604163142962,388.21000000,0.03091000,388.22000000,113.41293000
1604163143876,388.21000000,0.03091000,388.22000000,113.41293000
1604163144833,388.21000000,0.03091000,388.22000000,119.08202000
1604163145765,388.21000000,0.03091000,388.22000000,119.08202000
1604163146887,388.21000000,0.03091000,388.22000000,133.77812000
1604163147889,388.21000000,0.00091000,388.22000000,134.16189000
1604163148952,388.21000000,0.00091000,388.22000000,185.36267000
1604163149812,388.21000000,0.00091000,388.22000000,185.36267000
1604163150778,388.21000000,0.00091000,388.22000000,185.36267000
1604163151975,388.21000000,0.00091000,388.22000000,185.36267000
1604163152942,388.21000000,0.00091000,388.22000000,185.33417000
1604163153968,388.21000000,0.00091000,388.22000000,185.33417000
1604163154824,388.21000000,0.00091000,388.22000000,185.33417000
1604163155931,388.21000000,0.00091000,388.22000000,185.33417000
1604163156974,388.21000000,0.00091000,388.22000000,185.33417000
1604163157826,388.21000000,0.00091000,388.22000000,185.33417000
1604163158983,388.21000000,0.00091000,388.22000000,175.88417000
1604163159174,388.21000000,0.00091000,388.22000000,175.88417000
1604163160861,388.21000000,0.00091000,388.22000000,178.12113000
1604163161989,388.14000000,0.76595000,388.15000000,75.38238000
1604163162985,388.14000000,5.03091000,388.15000000,114.99641000
1604163163985,388.17000000,12.92886000,388.18000000,13.89873000
1604163164964,388.17000000,16.74766000,388.18000000,59.18395000
1604163165928,388.13000000,17.37747000,388.14000000,50.05646000
1604163166979,388.13000000,7.37747000,388.14000000,30.42446000
1604163167916,388.13000000,7.07782000,388.14000000,30.42446000
1604163168986,388.13000000,7.07782000,388.14000000,75.63566000
1604163169985,388.13000000,7.07782000,388.14000000,75.63566000
1604163170972,388.13000000,7.07782000,388.14000000,75.63566000
1604163171631,388.13000000,7.07782000,388.14000000,75.63566000
1604163172935,388.13000000,16.52783000,388.14000000,73.81846000
1604163173575,388.13000000,16.52783000,388.14000000,72.51331000
1604163174998,388.13000000,0.68958000,388.14000000,93.59173000
1604163175966,388.13000000,0.27193000,388.14000000,98.54543000
1604163176969,388.13000000,0.27193000,388.14000000,98.60724000
1604163177995,388.13000000,0.27193000,388.14000000,86.34966000
1604163178999,388.13000000,16.63810000,388.14000000,70.01772000
1604163179982,388.13000000,16.63810000,388.14000000,70.01772000
1604163180996,388.10000000,15.00000000,388.11000000,80.34212000
1604163181995,388.01000000,3.80000000,388.02000000,114.02370000
1604163182999,388.00000000,0.54468000,388.01000000,107.19583000
1604163184000,387.96000000,3.80000000,387.97000000,61.94192000
1604163185001,387.92000000,2.20814000,387.93000000,118.73477000
1604163185996,387.92000000,7.58404000,387.93000000,114.63854000
1604163186976,387.92000000,7.58404000,387.93000000,114.63854000
1604163187999,387.92000000,8.01559000,387.93000000,108.27686000
1604163189002,387.92000000,17.81234000,387.93000000,103.30576000
1604163189981,387.92000000,8.05347000,387.93000000,103.11452000
1604163190992,387.92000000,14.75203000,387.93000000,103.62498000
1604163191992,387.92000000,14.75203000,387.93000000,103.62498000
1604163192965,387.92000000,14.60781000,387.93000000,103.62498000
1604163193978,387.92000000,19.69365000,387.93000000,103.59590000
1604163194978,387.92000000,19.69365000,387.93000000,93.48138000
1604163195964,387.92000000,14.69365000,387.93000000,103.59590000
1604163196953,387.92000000,10.21186000,387.93000000,103.30090000
1604163198005,387.84000000,2.87639000,387.88000000,58.01136000
1604163199003,387.82000000,9.26347000,387.83000000,62.18249000
1604163199996,387.82000000,9.26347000,387.83000000,40.68249000
1604163200985,387.86000000,5.00000000,387.87000000,110.02364000
1604163201978,387.86000000,5.00000000,387.87000000,104.99487000
1604163202938,387.86000000,5.00000000,387.87000000,104.99487000
1604163203974,387.86000000,5.00000000,387.87000000,94.99487000
1604163205001,387.86000000,5.00000000,387.87000000,70.72645000
1604163206003,387.85000000,5.00000000,387.86000000,3.13885000
1604163206964,387.82000000,8.56514000,387.83000000,99.85897000
1604163208008,387.82000000,8.56514000,387.83000000,83.81979000
1604163209005,387.85000000,18.37056000,387.86000000,31.70906000
1604163209976,387.85000000,5.46208000,387.86000000,31.70906000
1604163210915,387.82000000,9.00054000,387.83000000,30.53027000
1604163211969,387.82000000,0.11212000,387.83000000,45.85522000
1604163213011,387.83000000,1.30126000,387.84000000,10.00000000
1604163213990,387.83000000,6.30126000,387.84000000,29.48100000
1604163215004,387.83000000,6.58740000,387.84000000,29.48100000
1604163215996,387.83000000,0.00014000,387.84000000,91.58578000
1604163216956,387.83000000,0.05672000,387.84000000,44.66189000
1604163217986,387.82000000,5.14261000,387.83000000,50.21556000
1604163218982,387.82000000,1.99340000,387.83000000,80.63369000
1604163219953,387.82000000,1.99340000,387.83000000,80.63369000
1604163221004,387.82000000,15.87521000,387.83000000,30.39914000
1604163222019,387.82000000,2.00208000,387.83000000,46.49579000
1604163222939,387.81000000,2.78771000,387.83000000,31.49579000
1604163223971,387.82000000,7.38996000,387.83000000,30.28335000
1604163224840,387.82000000,7.38996000,387.83000000,2.57283000
1604163226005,387.82000000,7.38996000,387.83000000,47.57283000
1604163227009,387.82000000,2.38996000,387.83000000,47.95556000
1604163228004,387.82000000,2.38996000,387.83000000,48.00477000
1604163228947,387.82000000,7.45361000,387.83000000,43.05227000
1604163229945,387.82000000,20.86566000,387.83000000,32.82344000
1604163230959,387.82000000,2.28987000,387.83000000,84.19959000
1604163231974,387.80000000,14.47130000,387.82000000,4.89549000
1604163232948,387.82000000,18.18138000,387.83000000,31.34079000
1604163233466,387.82000000,18.18138000,387.83000000,31.34079000
1604163234959,387.82000000,4.76933000,387.83000000,36.34079000
1604163236010,387.81000000,2.22868000,387.82000000,83.12620000
1604163236979,387.80000000,14.32660000,387.82000000,105.05111000
1604163238002,387.80000000,32.73865000,387.81000000,74.06929000
1604163238939,387.80000000,32.73865000,387.81000000,74.06929000
1604163240011,387.80000000,19.32660000,387.81000000,88.90000000
1604163241029,387.80000000,2.47488000,387.81000000,88.87092000
1604163241988,387.80000000,2.47488000,387.81000000,89.79734000
1604163242882,387.80000000,2.50612000,387.81000000,99.56764000
1604163244020,387.80000000,2.50612000,387.81000000,99.56764000
1604163245032,387.80000000,7.47488000,387.81000000,99.56764000
1604163246002,387.80000000,7.47488000,387.81000000,99.56764000
1604163247030,387.80000000,2.47488000,387.81000000,99.56764000
1604163247977,387.80000000,2.47488000,387.81000000,89.53681000
1604163248978,387.80000000,7.47488000,387.81000000,79.76651000
1604163250030,387.80000000,8.46232000,387.81000000,54.76651000
1604163250975,387.80000000,8.46232000,387.81000000,64.76651000
1604163252033,387.80000000,3.46232000,387.81000000,94.76651000
1604163252865,387.80000000,3.46232000,387.81000000,94.76651000
1604163253693,387.80000000,3.46232000,387.81000000,94.76651000
1604163254894,387.80000000,3.46232000,387.81000000,94.76651000
1604163255902,387.80000000,3.46232000,387.81000000,94.73654000
1604163256925,387.80000000,3.46232000,387.81000000,94.70928000
1604163257882,387.80000000,3.46232000,387.81000000,94.70928000
1604163258959,387.80000000,3.46232000,387.81000000,59.29286000
1604163260039,387.90000000,12.54519000,387.91000000,30.00000000
1604163260997,387.94000000,17.21397000,387.95000000,35.00000000
1604163262043,387.91000000,0.89932000,387.92000000,43.67666000
1604163263027,387.90000000,42.24972000,387.91000000,5.00000000
1604163264003,387.90000000,21.02360000,387.91000000,89.53642000
1604163265043,387.90000000,19.75458000,387.91000000,89.53642000
1604163265974,387.90000000,19.75458000,387.91000000,89.53642000
1604163266957,387.90000000,19.54473000,387.91000000,88.86235000
1604163268045,387.90000000,19.54473000,387.91000000,101.01528000
1604163268698,387.90000000,31.22394000,387.91000000,91.01528000
1604163270026,387.90000000,14.30260000,387.91000000,91.56029000
1604163271009,387.90000000,14.30260000,387.91000000,101.86014000
1604163272013,387.90000000,14.30260000,387.91000000,101.82911000
1604163273026,387.90000000,14.00275000,387.91000000,126.20863000
1604163274038,387.90000000,14.00275000,387.91000000,127.82959000
1604163274807,387.90000000,13.70290000,387.91000000,127.82959000
1604163276052,387.90000000,13.40305000,387.91000000,127.52974000
1604163277004,387.90000000,13.40305000,387.91000000,128.17335000
1604163278005,387.90000000,13.40305000,387.91000000,128.17335000
1604163279048,387.90000000,13.40305000,387.91000000,128.17335000
1604163280032,387.90000000,13.40305000,387.91000000,128.14299000
1604163281055,387.90000000,13.40305000,387.91000000,102.17044000
1604163282016,387.90000000,11.40305000,387.91000000,126.67044000
1604163283044,387.90000000,33.13412000,387.91000000,80.96906000
1604163284011,387.90000000,33.13412000,387.91000000,79.62390000
1604163285003,387.90000000,33.13412000,387.91000000,79.62390000
1604163286026,387.90000000,33.13412000,387.91000000,79.62390000
1604163287044,387.89000000,0.90000000,387.90000000,132.98729000
1604163287932,387.89000000,6.32283000,387.90000000,40.22399000
1604163289023,387.88000000,5.06935000,387.89000000,108.30192000
1604163290038,387.88000000,0.06935000,387.89000000,110.04573000
1604163290962,387.88000000,0.06935000,387.89000000,110.26946000
1604163292048,387.88000000,0.06935000,387.89000000,110.26946000
1604163292883,387.88000000,0.00010000,387.89000000,110.26946000
1604163294018,387.88000000,0.00010000,387.89000000,112.68851000
1604163294974,387.88000000,0.00010000,387.89000000,112.68851000
1604163296016,387.88000000,0.00010000,387.89000000,112.68851000
1604163296929,387.88000000,0.00010000,387.89000000,112.65816000
1604163297993,387.88000000,0.00010000,387.89000000,110.23911000
1604163299060,387.81000000,5.71388000,387.82000000,79.13425000
1604163300040,387.81000000,6.81102000,387.82000000,98.58678000
1604163300892,387.81000000,6.81102000,387.82000000,98.58678000
1604163302061,387.81000000,1.81102000,387.82000000,100.30417000
1604163303051,387.76000000,0.43007000,387.77000000,25.92299000
1604163303964,387.76000000,0.00007000,387.77000000,25.92299000
1604163304921,387.76000000,5.56766000,387.77000000,20.89258000
1604163305728,387.76000000,5.56766000,387.77000000,20.89258000
1604163307024,387.74000000,2.80945000,387.75000000,37.84469000
1604163308065,387.74000000,5.41144000,387.75000000,31.62096000
1604163309008,387.74000000,80.25401000,387.75000000,1.62096000
1604163310021,387.74000000,33.06484000,387.75000000,1.62096000
1604163310874,387.76000000,0.52836000,387.77000000,20.29687000
1604163312066,387.76000000,0.52836000,387.77000000,20.29687000
1604163313064,387.73000000,0.03094000,387.77000000,66.60306000
1604163314030,387.76000000,0.54899000,387.77000000,20.91412000
1604163315067,387.75000000,5.00000000,387.76000000,49.56008000
1604163316066,387.73000000,0.26120000,387.74000000,38.35259000
1604163317021,387.73000000,0.26120000,387.74000000,36.43561000
1604163317999,387.73000000,5.26120000,387.74000000,31.74358000
1604163318716,387.73000000,5.26120000,387.74000000,33.10668000
1604163319564,387.73000000,5.26120000,387.74000000,32.10668000
1604163321069,387.72000000,5.00000000,387.74000000,32.36457000
1604163322044,387.73000000,5.52836000,387.74000000,31.65213000
1604163323008,387.73000000,5.52836000,387.74000000,31.65213000
1604163323930,387.73000000,0.52836000,387.74000000,40.19523000
1604163324995,387.71000000,5.52918000,387.72000000,31.58860000
1604163326063,387.70000000,0.90000000,387.71000000,85.73160000
1604163327069,387.70000000,0.90000000,387.71000000,89.82754000
1604163328062,387.71000000,5.63547000,387.72000000,44.63565000
1604163328992,387.71000000,4.51105000,387.72000000,50.98274000
1604163329999,387.69000000,2.57761000,387.70000000,97.20795000
1604163330847,387.69000000,7.45633000,387.70000000,94.35850000
1604163331947,387.69000000,7.45633000,387.70000000,34.00613000
1604163333051,387.69000000,7.45633000,387.70000000,39.00613000
1604163334061,387.69000000,5.91710000,387.70000000,6.64763000
1604163335069,387.68000000,6.35771000,387.70000000,6.64763000
1604163335990,387.68000000,6.34139000,387.70000000,6.62096000
1604163337040,387.69000000,6.98705000,387.70000000,6.62096000
1604163338029,387.69000000,5.20452000,387.70000000,6.59019000
1604163338961,387.69000000,5.20452000,387.70000000,6.59019000
1604163340012,387.69000000,38.91444000,387.70000000,6.59019000
1604163341036,387.69000000,11.23987000,387.70000000,9.72142000
1604163342046,387.69000000,2.12292000,387.70000000,9.62854000
1604163342954,387.69000000,98.46634000,387.70000000,1.29101000
1604163343826,387.69000000,71.03687000,387.70000000,1.29101000
1604163345073,387.69000000,61.62273000,387.70000000,36.24349000
1604163346028,387.69000000,9.96128000,387.70000000,36.21478000
1604163347028,387.69000000,75.11702000,387.70000000,6.21478000
1604163348043,387.70000000,0.25959000,387.71000000,6.40729000
1604163348961,387.69000000,4.58607000,387.70000000,107.71006000
1604163350074,387.69000000,34.51326000,387.70000000,3.08424000
1604163351018,387.69000000,9.53169000,387.70000000,0.45454000
1604163352072,387.75000000,24.72767000,387.76000000,5.00000000
1604163352985,387.75000000,58.87925000,387.76000000,1.20000000
1604163353966,387.75000000,0.41260000,387.76000000,34.85600000
1604163355071,387.76000000,3.81650000,387.77000000,6.62788000
1604163356076,387.73000000,0.00918000,387.75000000,19.21954000
1604163357067,387.77000000,73.13593000,387.78000000,3.73346000
1604163358065,387.83000000,18.22889000,387.84000000,6.96259000
1604163359076,387.85000000,1.27604000,387.86000000,51.00000000
1604163360069,387.86000000,35.00000000,387.87000000,42.66343000
1604163361080,387.92000000,31.02859000,387.93000000,8.77000000
1604163362080,387.96000000,2.73481000,387.99000000,1.40000000
1604163363072,387.98000000,13.69755000,387.99000000,0.87189000
1604163364078,387.96000000,100.64534000,387.97000000,5.00000000
1604163365066,387.96000000,1.83250000,387.97000000,122.52075000
1604163366058,387.96000000,1.78104000,387.97000000,122.46929000
1604163367029,387.96000000,0.68647000,387.97000000,127.01325000
1604163368013,387.90000000,5.49780000,387.91000000,50.76061000
1604163369033,387.90000000,41.79735000,387.91000000,10.00000000
1604163370057,387.90000000,30.67042000,387.91000000,15.30018000
1604163371050,387.90000000,80.90706000,387.91000000,0.27095000
1604163372070,387.92000000,4.27125000,387.96000000,32.70668000
1604163373085,387.91000000,0.03095000,387.92000000,70.80309000
1604163374046,387.91000000,0.03095000,387.92000000,69.85453000
1604163374966,387.91000000,0.03095000,387.92000000,78.08981000
1604163376038,387.91000000,0.03095000,387.92000000,75.08981000
1604163376988,387.91000000,0.34028000,387.92000000,75.05989000
1604163378065,387.91000000,95.05907000,387.92000000,0.06933000
1604163379023,387.91000000,161.17984000,387.92000000,0.06933000
1604163379952,387.91000000,161.17984000,387.92000000,0.06933000
1604163381070,387.91000000,161.06329000,387.92000000,0.06933000
1604163382028,387.91000000,161.06329000,387.92000000,0.00086000
1604163383086,387.93000000,0.67292000,387.96000000,35.74686000
1604163384046,387.92000000,4.27100000,387.96000000,43.25453000
1604163385081,387.95000000,5.00000000,387.96000000,1.32498000
1604163386090,387.90000000,74.34225000,387.93000000,6.02725000
1604163387037,387.92000000,0.15825000,387.93000000,69.23533000
1604163388049,387.88000000,5.00000000,387.89000000,7.47066000
1604163389092,387.85000000,0.03144000,387.86000000,68.66642000
1604163390092,387.80000000,6.26247000,387.81000000,37.31415000
1604163391078,387.80000000,5.52932000,387.81000000,37.12844000
1604163392071,387.80000000,5.52932000,387.81000000,34.21730000
1604163393089,387.78000000,0.77715000,387.81000000,32.26603000
1604163394049,387.77000000,0.60318000,387.81000000,33.04067000
1604163395079,387.80000000,35.46303000,387.81000000,0.07572000
1604163396072,387.80000000,5.08239000,387.81000000,0.07572000
1604163397091,387.78000000,16.68039000,387.81000000,35.07572000
1604163398094,387.80000000,76.36408000,387.81000000,0.07572000
1604163399059,387.80000000,60.08102000,387.81000000,0.07572000
1604163399964,387.80000000,60.08102000,387.81000000,0.07572000
1604163401028,387.80000000,110.08102000,387.81000000,0.07572000
1604163402058,387.80000000,110.08102000,387.81000000,0.04483000
1604163403070,387.80000000,110.08102000,387.81000000,0.04483000
1604163404083,387.82000000,0.49799000,387.85000000,6.18666000
1604163405083,387.80000000,5.54539000,387.81000000,13.16553000
1604163406051,387.80000000,5.57810000,387.81000000,13.16553000
1604163407102,387.82000000,5.00000000,387.83000000,68.35588000
1604163408096,387.80000000,0.03271000,387.81000000,35.00000000
1604163409100,387.80000000,0.03271000,387.81000000,5.00000000
1604163410057,387.80000000,0.03271000,387.81000000,25.25776000
1604163411077,387.80000000,0.03271000,387.81000000,29.78062000
1604163412080,387.80000000,0.03271000,387.81000000,29.78062000
1604163413077,387.80000000,5.51974000,387.81000000,51.60425000
1604163414090,387.80000000,5.51974000,387.81000000,21.68032000
1604163415095,387.80000000,0.48703000,387.81000000,59.94132000
1604163416105,387.80000000,68.32719000,387.81000000,0.07607000
1604163417100,387.80000000,113.01374000,387.81000000,0.07607000
1604163417969,387.80000000,113.01374000,387.81000000,0.04582000
1604163419088,387.80000000,113.01374000,387.81000000,0.04582000
1604163420080,387.80000000,113.71236000,387.81000000,0.04582000
1604163420988,387.80000000,113.71236000,387.81000000,0.04582000
1604163422027,387.80000000,111.89522000,387.81000000,0.04582000
1604163423069,387.82000000,38.29070000,387.83000000,10.00000000
1604163423956,387.82000000,5.33546000,387.83000000,10.07094000
1604163425001,387.82000000,5.33546000,387.83000000,10.07094000
1604163426106,387.82000000,113.33546000,387.83000000,0.07094000
1604163426988,387.82000000,138.90777000,387.83000000,0.07094000
1604163428047,387.82000000,118.90777000,387.83000000,0.07094000
1604163429091,387.82000000,118.90777000,387.83000000,0.07094000
1604163429993,387.82000000,138.90777000,387.83000000,0.07094000
1604163431095,387.82000000,138.90777000,387.83000000,0.07094000
1604163432112,387.82000000,138.90777000,387.83000000,0.07094000
1604163432982,387.82000000,138.90777000,387.83000000,0.07094000
1604163434073,387.84000000,112.76634000,387.85000000,1.42834000
1604163435106,387.84000000,112.76634000,387.85000000,1.39910000
1604163436030,387.84000000,112.76634000,387.85000000,1.39910000
1604163437118,387.87000000,0.80376000,387.88000000,8.70322000
1604163438116,387.87000000,0.80376000,387.88000000,11.54471000
1604163438971,387.87000000,0.80376000,387.88000000,11.54471000
1604163440074,387.87000000,0.80376000,387.88000000,11.54471000
1604163441108,387.81000000,0.18112000,387.82000000,35.58893000
1604163441996,387.81000000,0.18112000,387.82000000,34.13276000
1604163443120,387.79000000,0.33805000,387.81000000,6.61778000
1604163444117,387.79000000,0.27741000,387.81000000,6.68664000
1604163445118,387.80000000,5.30089000,387.81000000,0.06886000
1604163446121,387.80000000,130.97684000,387.81000000,0.00031000
1604163447097,387.80000000,130.97684000,387.81000000,0.00031000
1604163448125,387.82000000,0.18120000,387.88000000,32.43014000
1604163449079,387.83000000,3.40157000,387.88000000,36.15494000
1604163450073,387.84000000,10.59300000,387.85000000,39.53580000
1604163451096,387.84000000,0.12891000,387.87000000,11.17734000
1604163452110,387.84000000,0.12891000,387.87000000,41.09474000
1604163453023,387.84000000,0.12891000,387.87000000,34.50558000
1604163454058,387.84000000,0.12891000,387.87000000,34.56851000
1604163455118,387.85000000,10.59300000,387.87000000,34.75650000
1604163456128,387.85000000,10.74196000,387.87000000,34.75650000
1604163457002,387.82000000,3.42378000,387.86000000,0.00079000
1604163458124,387.82000000,0.10166000,387.84000000,31.13891000
1604163459126,387.83000000,0.16098000,387.87000000,35.79982000
1604163460074,387.83000000,0.03208000,387.86000000,1.04894000
1604163461119,387.86000000,114.02296000,387.87000000,0.06293000
1604163462127,387.87000000,106.25532000,387.88000000,6.11307000
1604163463041,387.88000000,174.01437000,387.89000000,2.01604000
1604163464127,387.88000000,194.01437000,387.89000000,0.00004000
1604163465101,387.88000000,212.38143000,387.89000000,0.00004000
1604163466118,387.99000000,160.80383000,388.00000000,1.68563000
1604163467131,388.09000000,3.03140000,388.10000000,0.03091000
1604163468125,388.06000000,52.17796000,388.10000000,35.03091000
1604163469117,388.08000000,10.59300000,388.10000000,35.03091000
1604163470127,388.09000000,20.00000000,388.10000000,5.03091000
1604163471087,388.06000000,38.42795000,388.07000000,5.00000000
1604163472131,387.95000000,2.56000000,388.01000000,9.37860000
1604163473123,387.89000000,8.80000000,387.92000000,3.56265000
1604163474118,387.88000000,3.29077000,387.93000000,41.65812000
1604163475130,387.87000000,3.60000000,387.91000000,5.00000000
1604163476069,387.85000000,0.49800000,387.86000000,37.17432000
1604163477095,387.85000000,0.46621000,387.86000000,37.17432000
1604163478010,387.85000000,0.46621000,387.86000000,37.17432000
1604163479093,387.85000000,0.46621000,387.86000000,34.76296000
1604163480104,387.85000000,0.46621000,387.86000000,42.36650000
1604163481126,387.85000000,0.00021000,387.86000000,36.05706000
1604163482118,387.82000000,0.11926000,387.86000000,30.24819000
1604163483065,387.83000000,5.00000000,387.86000000,30.09841000
1604163484134,387.85000000,13.61540000,387.86000000,0.22490000
1604163485027,387.85000000,60.18929000,387.86000000,0.22490000
1604163486134,387.88000000,5.00000000,387.89000000,0.13745000
1604163487132,387.88000000,85.25511000,387.89000000,0.13745000
1604163488127,387.91000000,0.37760000,387.96000000,35.01949000
1604163489113,387.89000000,53.48678000,387.90000000,30.00000000
1604163490104,387.89000000,0.06185000,387.90000000,37.14421000
1604163491084,387.89000000,96.49701000,387.90000000,29.88549000
1604163492132,387.92000000,65.18000000,387.93000000,30.00000000
1604163493093,387.92000000,59.12240000,387.93000000,30.00000000
1604163494127,387.92000000,58.69540000,387.93000000,0.05308000
1604163495135,387.92000000,38.69540000,387.95000000,4.59060000
1604163496130,387.94000000,44.50000000,387.95000000,35.00000000
1604163497137,387.93000000,34.84600000,387.97000000,67.00000000
1604163498137,387.93000000,9.92100000,387.94000000,34.61364000
1604163499135,387.93000000,97.08040000,387.94000000,4.33644000
1604163500133,387.97000000,10.00000000,387.99000000,2.66953000
1604163501135,387.96000000,33.25925000,387.99000000,2.61805000
1604163502127,387.93000000,33.18317000,387.98000000,30.22749000
1604163503121,387.95000000,8.27251000,387.99000000,5.20346000
1604163504136,387.94000000,0.26426000,387.97000000,30.00000000
1604163505093,387.95000000,0.10060000,387.97000000,35.00000000
1604163506000,387.95000000,0.10060000,387.97000000,35.00000000
1604163507139,387.95000000,0.10060000,387.97000000,34.96922000
1604163508136,387.95000000,0.10060000,387.96000000,119.84729000
1604163509081,387.95000000,0.10060000,387.96000000,119.84729000
1604163510133,387.95000000,0.10060000,387.96000000,119.64729000
1604163511142,387.95000000,5.10060000,387.96000000,36.84729000
1604163512136,388.04000000,5.08396000,388.05000000,0.10193000
1604163513142,388.01000000,30.30098000,388.02000000,15.05748000
1604163514125,388.03000000,72.44633000,388.04000000,5.00000000
1604163515143,388.14000000,34.53227000,388.15000000,7.48390000
1604163516143,388.14000000,15.59300000,388.17000000,2.65293000
1604163517130,388.20000000,10.00000000,388.21000000,5.42023000
1604163518136,388.18000000,43.29916000,388.19000000,5.00000000
1604163519141,388.19000000,5.09872000,388.20000000,5.00000000
1604163520144,388.19000000,5.09872000,388.20000000,5.00000000
1604163521050,388.19000000,128.14029000,388.20000000,5.00000000
1604163522073,388.19000000,130.97620000,388.20000000,5.41215000
1604163523136,388.19000000,130.67665000,388.20000000,3.35225000
1604163524115,388.18000000,47.96932000,388.19000000,6.44528000
1604163525125,388.21000000,137.93157000,388.22000000,4.35586000
1604163526064,388.21000000,62.08482000,388.22000000,4.35586000
1604163527143,388.18000000,1.60000000,388.19000000,64.71369000
1604163528134,388.18000000,1.60000000,388.19000000,64.71369000
1604163529144,388.18000000,1.60000000,388.19000000,64.71369000
1604163530144,388.21000000,114.32105000,388.22000000,29.92008000
1604163531147,388.20000000,0.11755000,388.23000000,25.18452000
1604163532146,388.21000000,5.21572000,388.22000000,25.00000000
1604163533143,388.23000000,33.42530000,388.26000000,37.67636000
1604163534140,388.23000000,83.77181000,388.24000000,5.00000000
1604163535135,388.23000000,118.24470000,388.24000000,4.68310000
1604163536141,388.23000000,30.00000000,388.25000000,3.56215000
1604163537122,388.23000000,71.95547000,388.26000000,36.76819000
1604163538132,388.23000000,73.84617000,388.26000000,36.76819000
1604163539084,388.25000000,42.99986000,388.26000000,0.03090000
1604163540121,388.25000000,112.12627000,388.26000000,0.00201000
1604163541148,388.25000000,112.12627000,388.26000000,0.00201000
1604163542142,388.27000000,30.13723000,388.29000000,6.37680000
1604163543134,388.25000000,75.79996000,388.28000000,41.03451000
1604163544150,388.28000000,0.38638000,388.29000000,115.25001000
1604163545128,388.28000000,0.38638000,388.29000000,115.25001000
1604163546146,388.28000000,0.38638000,388.29000000,115.19601000
1604163547118,388.28000000,0.38638000,388.29000000,95.15311000
1604163548125,388.28000000,0.38638000,388.29000000,95.09597000
1604163549150,388.28000000,0.38638000,388.29000000,114.29867000
1604163550140,388.22000000,2.84425000,388.23000000,4.61951000
1604163551147,388.23000000,1.16789000,388.24000000,43.10759000
1604163552138,388.21000000,2.67814000,388.22000000,102.79943000
1604163553141,388.21000000,149.30900000,388.22000000,2.94827000
1604163554150,388.21000000,153.99556000,388.22000000,2.27886000
1604163555107,388.21000000,173.76654000,388.22000000,2.27886000
1604163556153,388.21000000,173.76654000,388.22000000,2.24970000
1604163557142,388.21000000,175.76654000,388.22000000,2.24970000
1604163557966,388.21000000,175.76654000,388.22000000,2.55880000
1604163559151,388.21000000,175.36654000,388.22000000,1.55880000
1604163560145,388.21000000,175.36654000,388.22000000,1.55880000
1604163561153,388.21000000,175.36654000,388.22000000,1.55880000
1604163562152,388.21000000,172.77020000,388.22000000,7.42958000
1604163563090,388.21000000,172.77020000,388.22000000,7.42958000
1604163564156,388.21000000,172.77020000,388.22000000,7.42958000
1604163565157,388.28000000,5.00000000,388.29000000,2.66791000
1604163566151,388.26000000,4.68583000,388.30000000,37.67805000
1604163567114,388.26000000,4.68583000,388.30000000,37.67805000
1604163568138,388.27000000,0.17902000,388.29000000,5.46581000
1604163569158,388.28000000,19.48898000,388.29000000,35.46581000
1604163570157,388.26000000,0.33665000,388.28000000,5.81854000
1604163571135,388.24000000,4.33996000,388.25000000,5.98474000
1604163572153,388.24000000,4.33996000,388.25000000,5.98474000
1604163573117,388.24000000,4.33996000,388.25000000,5.98474000
1604163574101,388.26000000,76.45340000,388.27000000,35.00000000
1604163575158,388.26000000,28.95340000,388.27000000,30.73560000
1604163576146,388.26000000,28.95340000,388.27000000,30.73560000
1604163577138,388.26000000,60.89075000,388.27000000,35.73560000
1604163578156,388.28000000,66.05386000,388.29000000,30.00000000
1604163579116,388.29000000,52.13028000,388.30000000,6.01955000
1604163580147,388.29000000,51.99461000,388.30000000,6.01955000
1604163581066,388.29000000,89.27836000,388.30000000,5.00000000
1604163582147,388.30000000,6.89309000,388.31000000,14.40533000
1604163583152,388.30000000,153.38510000,388.31000000,9.40533000
1604163584107,388.30000000,108.77085000,388.31000000,9.40533000
1604163585108,388.30000000,108.77085000,388.31000000,9.40533000
1604163586163,388.30000000,108.77085000,388.31000000,9.40533000
1604163587163,388.30000000,108.77085000,388.31000000,9.37678000
1604163588156,388.30000000,112.77085000,388.31000000,9.37678000
1604163589129,388.30000000,112.77085000,388.31000000,9.37678000
1604163590152,388.30000000,112.77085000,388.31000000,9.37678000
1604163591142,388.30000000,112.77085000,388.31000000,9.37678000
1604163592164,388.30000000,112.77085000,388.31000000,9.37678000
1604163593162,388.30000000,112.77085000,388.31000000,9.34604000
1604163594159,388.32000000,125.84878000,388.33000000,0.49801000
1604163595095,388.32000000,125.84878000,388.33000000,0.49801000
1604163596160,388.32000000,125.84878000,388.33000000,0.49801000
1604163597155,388.39000000,13.78623000,388.40000000,37.56322000
1604163598167,388.40000000,7.67340000,388.42000000,2.65293000
1604163599168,388.41000000,175.88655000,388.42000000,2.65293000
1604163600166,388.58000000,10.73821000,388.59000000,34.50645000
1604163601163,388.58000000,15.95125000,388.59000000,5.00000000
1604163602162,388.58000000,3.92078000,388.59000000,61.15177000
1604163603137,388.58000000,91.62146000,388.59000000,5.51874000
1604163604106,388.58000000,91.62146000,388.59000000,5.51874000
1604163605092,388.58000000,91.62146000,388.59000000,5.51874000
1604163606014,388.58000000,91.62146000,388.59000000,5.51874000
1604163607170,388.58000000,91.62146000,388.59000000,5.51874000
1604163608170,388.58000000,91.62146000,388.59000000,4.52572000
1604163609136,388.58000000,93.92928000,388.59000000,4.49463000
1604163610108,388.58000000,93.92928000,388.59000000,4.43499000
1604163611159,388.58000000,102.31352000,388.59000000,0.55090000
1604163612169,388.58000000,84.32504000,388.59000000,5.55090000
1604163613105,388.58000000,84.21102000,388.59000000,5.00000000
1604163614177,388.58000000,84.14317000,388.59000000,4.66600000
1604163615142,388.58000000,84.14317000,388.59000000,4.66600000
1604163616174,388.61000000,44.53127000,388.62000000,5.00000000
1604163617170,388.61000000,49.93047000,388.62000000,5.00000000
1604163618165,388.59000000,34.52336000,388.60000000,47.30486000
1604163619173,388.58000000,0.39453000,388.59000000,26.01929000
1604163620179,388.39000000,30.49417000,388.40000000,0.75201000
1604163621159,388.43000000,0.53157000,388.44000000,18.97000000
1604163622178,388.40000000,52.41956000,388.41000000,14.00000000
1604163623166,388.42000000,0.97174000,388.44000000,5.55066000
1604163624163,388.44000000,0.28742000,388.45000000,30.19815000
1604163625180,388.44000000,0.28742000,388.45000000,83.03277000
1604163626040,388.44000000,0.28742000,388.45000000,77.19971000
1604163627176,388.43000000,0.04697000,388.45000000,77.19971000
1604163628106,388.41000000,11.01212000,388.42000000,30.00000000
1604163629178,388.41000000,10.35100000,388.42000000,70.03818000
1604163630181,388.40000000,2.57761000,388.41000000,107.07184000
1604163631094,388.40000000,2.57761000,388.41000000,109.98894000
1604163632138,388.40000000,2.49991000,388.41000000,109.98894000
1604163633047,388.40000000,2.49991000,388.41000000,106.82986000
1604163634169,388.39000000,0.04228000,388.40000000,96.18182000
1604163635183,388.35000000,3.41549000,388.39000000,5.85773000
1604163636172,388.35000000,0.28742000,388.39000000,5.56032000
1604163637161,388.37000000,0.80146000,388.39000000,2.47522000
1604163638183,388.38000000,1.00800000,388.39000000,71.31047000
1604163639146,388.38000000,1.00800000,388.39000000,67.20732000
1604163640089,388.38000000,1.48537000,388.39000000,0.49888000
1604163641033,388.38000000,1.48537000,388.39000000,62.46075000
1604163642184,388.34000000,0.03806000,388.35000000,67.86580000
1604163643180,388.34000000,30.51762000,388.36000000,40.50000000
1604163644110,388.32000000,0.57021000,388.33000000,68.94127000
1604163645126,388.32000000,0.03102000,388.33000000,68.97482000
1604163646176,388.32000000,0.03102000,388.33000000,38.53906000
1604163647176,388.32000000,0.03102000,388.33000000,38.53906000
1604163648178,388.32000000,0.03102000,388.33000000,38.53906000
1604163649117,388.32000000,0.03102000,388.33000000,38.53906000
1604163650167,388.32000000,0.63655000,388.33000000,94.43638000
1604163651153,388.32000000,0.63655000,388.33000000,88.08961000
1604163651982,388.32000000,0.63655000,388.33000000,83.12037000
1604163652981,388.32000000,0.72247000,388.33000000,14.73937000
1604163654181,388.32000000,0.22447000,388.33000000,14.73937000
1604163655128,388.32000000,0.03097000,388.33000000,49.90380000
1604163656144,388.32000000,0.03097000,388.33000000,49.90380000
1604163657156,388.27000000,111.01925000,388.28000000,1.13999000
1604163658183,388.27000000,0.77476000,388.28000000,31.13999000
1604163659181,388.26000000,0.76237000,388.28000000,36.41058000
1604163660085,388.26000000,0.30903000,388.27000000,89.70908000
1604163661145,388.25000000,5.18655000,388.26000000,5.18078000
1604163662176,388.25000000,5.18655000,388.26000000,5.48985000
1604163663190,388.25000000,49.08189000,388.26000000,0.30907000
1604163664190,388.25000000,112.08189000,388.26000000,0.00007000
1604163665186,388.26000000,171.62859000,388.27000000,1.57638000
1604163666167,388.26000000,123.82962000,388.27000000,1.57638000
1604163667170,388.26000000,120.08487000,388.27000000,1.37152000
1604163668166,388.26000000,100.08487000,388.27000000,1.16659000
1604163669178,388.25000000,0.37972000,388.26000000,67.07979000
1604163670189,388.25000000,0.00072000,388.26000000,67.00868000
1604163671170,388.21000000,0.30900000,388.22000000,20.15214000
1604163672110,388.21000000,0.63553000,388.22000000,17.23636000
1604163673170,388.21000000,0.30900000,388.22000000,47.20764000
1604163673848,388.21000000,0.30900000,388.22000000,50.20764000
1604163675182,388.19000000,0.29260000,388.20000000,48.76072000
1604163676116,388.19000000,0.29260000,388.20000000,48.62072000
1604163677186,388.19000000,0.29260000,388.20000000,48.62072000
1604163678122,388.19000000,0.29260000,388.20000000,48.62072000
1604163679165,388.19000000,0.29260000,388.20000000,113.30877000
1604163680153,388.19000000,0.29260000,388.20000000,117.60083000
1604163681192,388.09000000,1.54142000,388.11000000,1.04768000
1604163682197,388.09000000,0.03092000,388.10000000,4.30804000
1604163683173,388.09000000,0.03092000,388.10000000,6.12366000
1604163684141,388.06000000,2.65295000,388.08000000,6.74847000
1604163685174,388.08000000,58.66808000,388.09000000,1.96356000
1604163686171,388.10000000,50.30151000,388.11000000,5.00000000
1604163687198,388.10000000,55.30151000,388.11000000,5.00000000
1604163688175,388.11000000,5.00000000,388.12000000,54.40149000
1604163688987,388.08000000,33.51453000,388.11000000,13.30948000
1604163690004,388.08000000,33.51453000,388.11000000,8.30948000
1604163691201,388.08000000,33.51453000,388.11000000,8.30948000
1604163692174,388.08000000,33.31453000,388.11000000,8.30948000
1604163693182,388.08000000,27.00300000,388.10000000,4.71293000
1604163694157,388.09000000,5.00000000,388.10000000,39.07108000
1604163695186,388.08000000,0.14639000,388.09000000,103.68245000
1604163696157,388.12000000,42.26573000,388.13000000,32.15653000
1604163697205,388.21000000,25.00000000,388.22000000,0.18811000
1604163698204,388.27000000,3.21181000,388.28000000,65.33496000
1604163699185,388.23000000,1.80989000,388.24000000,5.00000000
1604163700185,388.26000000,58.45662000,388.27000000,18.92541000
1604163701202,388.29000000,6.49162000,388.32000000,1.00000000
1604163702160,388.30000000,0.73283000,388.32000000,0.74245000
1604163703111,388.30000000,30.88823000,388.31000000,26.43039000
1604163704106,388.30000000,30.88823000,388.31000000,6.43039000
1604163705161,388.30000000,26.05216000,388.31000000,41.32556000
1604163706207,388.30000000,26.05216000,388.31000000,6.14181000
1604163707156,388.30000000,23.83208000,388.31000000,51.14181000
1604163708206,388.26000000,30.00000000,388.27000000,59.26049000
1604163709142,388.26000000,0.32463000,388.27000000,20.00000000
1604163710197,388.30000000,71.57036000,388.31000000,0.26882000
1604163711190,388.30000000,98.28937000,388.31000000,6.74721000
1604163712170,388.30000000,98.28937000,388.31000000,1.23629000
1604163713190,388.30000000,0.48538000,388.31000000,5.15354000
1604163714165,388.26000000,3.28952000,388.27000000,5.00000000
1604163715214,388.26000000,8.28952000,388.27000000,7.22519000
1604163716159,388.28000000,7.14044000,388.29000000,1.28005000
1604163717191,388.28000000,12.14044000,388.29000000,21.28005000
1604163718206,388.28000000,6.74152000,388.29000000,56.04259000
1604163719178,388.28000000,6.74152000,388.29000000,59.84166000
1604163720211,388.28000000,6.74152000,388.29000000,35.00000000
1604163721167,388.28000000,6.60819000,388.29000000,59.86235000
1604163722213,388.23000000,2.65295000,388.25000000,20.00000000
1604163723216,388.23000000,0.00059000,388.24000000,105.20635000
1604163724175,388.23000000,0.00059000,388.24000000,37.58407000
1604163724993,388.23000000,0.00059000,388.24000000,77.05571000
1604163726177,388.23000000,0.00059000,388.24000000,97.48991000
1604163727160,388.23000000,0.00059000,388.24000000,97.48991000
1604163728213,388.15000000,3.86832000,388.16000000,63.65027000
1604163729180,388.15000000,8.82434000,388.16000000,53.96112000
1604163730221,388.15000000,8.82434000,388.16000000,53.74312000
1604163731199,388.15000000,9.06528000,388.16000000,47.95901000
1604163732214,388.15000000,14.06528000,388.16000000,47.95901000
1604163733207,388.15000000,9.06528000,388.16000000,17.92869000
1604163734193,388.15000000,9.06528000,388.16000000,54.85427000
1604163735155,388.15000000,9.06528000,388.16000000,54.85730000
1604163736171,388.15000000,1.05455000,388.16000000,54.85730000
1604163737179,388.15000000,1.05455000,388.16000000,53.05400000
1604163738191,388.15000000,1.05455000,388.16000000,53.05400000
1604163739203,388.15000000,1.21004000,388.16000000,65.10299000
1604163740170,388.15000000,1.21004000,388.16000000,112.28362000
1604163741196,388.15000000,1.21004000,388.16000000,112.25314000
1604163742198,388.15000000,1.09349000,388.16000000,112.25314000
1604163743225,388.15000000,1.09349000,388.16000000,111.85657000
1604163744167,388.15000000,1.54327000,388.16000000,17.40232000
1604163745140,388.15000000,1.54327000,388.16000000,12.18833000
1604163746209,388.15000000,1.09349000,388.16000000,96.58928000
1604163747229,388.15000000,1.09349000,388.16000000,96.58928000
1604163748155,388.15000000,1.09349000,388.16000000,85.76016000
1604163749163,388.15000000,1.48503000,388.16000000,17.22115000
1604163750012,388.15000000,1.48503000,388.16000000,47.22115000
1604163751151,388.15000000,1.04444000,388.16000000,11.60819000
1604163752203,388.15000000,0.00076000,388.16000000,124.92731000
1604163753229,388.15000000,0.00076000,388.16000000,124.92731000
1604163754178,388.15000000,0.00076000,388.16000000,61.06304000
1604163755216,388.15000000,0.00076000,388.16000000,61.06304000
1604163756182,388.15000000,0.00076000,388.16000000,61.06304000
1604163757138,388.15000000,0.00076000,388.16000000,61.02005000
1604163758128,388.10000000,59.17401000,388.11000000,11.53514000
1604163759235,388.12000000,0.32405000,388.13000000,5.00000000
1604163760223,388.12000000,63.62889000,388.13000000,16.53514000
1604163761233,388.10000000,0.00034000,388.11000000,110.67997000
1604163762235,388.10000000,0.00034000,388.11000000,110.67997000
1604163763235,388.08000000,10.24489000,388.09000000,0.15596000
1604163764198,388.10000000,73.00000000,388.11000000,12.74720000
1604163765221,388.13000000,8.70934000,388.14000000,48.20184000
1604163766227,388.13000000,12.10377000,388.14000000,2.70152000
1604163767219,388.13000000,30.53486000,388.14000000,3.98838000
1604163768239,388.13000000,10.53486000,388.14000000,3.98838000
1604163769201,388.15000000,20.26292000,388.16000000,5.42788000
1604163770236,388.13000000,8.94300000,388.16000000,43.01960000
1604163771234,388.13000000,41.86832000,388.14000000,47.32371000
1604163772237,388.13000000,46.86832000,388.14000000,32.32371000
1604163773204,388.13000000,78.81788000,388.14000000,2.32371000
1604163774236,388.13000000,3.86832000,388.14000000,108.46216000
1604163775188,388.13000000,3.86832000,388.14000000,123.62756000
1604163776193,388.13000000,3.86832000,388.14000000,123.62756000
1604163777219,388.13000000,3.86832000,388.14000000,123.62756000
1604163778191,388.13000000,0.86015000,388.14000000,127.27681000
1604163779237,388.13000000,0.86015000,388.14000000,127.41076000
1604163780230,388.13000000,0.80917000,388.14000000,127.27681000
1604163781137,388.13000000,0.80917000,388.14000000,127.27681000
1604163782185,388.13000000,0.80917000,388.14000000,127.24708000
1604163783220,388.13000000,0.86169000,388.14000000,127.24708000
1604163784238,388.13000000,0.86169000,388.14000000,130.90223000
1604163785208,388.13000000,0.86169000,388.14000000,130.90223000
1604163786211,388.13000000,0.80917000,388.14000000,130.90223000
1604163787149,388.13000000,0.38129000,388.14000000,60.40223000
1604163788213,388.13000000,0.38129000,388.14000000,70.40223000
1604163789205,388.13000000,0.38129000,388.14000000,70.40223000
1604163790238,388.13000000,0.38129000,388.14000000,72.00758000
1604163791243,388.10000000,11.84547000,388.11000000,40.17719000
1604163792136,388.10000000,11.84547000,388.11000000,40.17719000
1604163793220,388.07000000,18.10267000,388.10000000,13.56704000
1604163794224,388.08000000,20.13376000,388.09000000,30.57073000
1604163795155,388.08000000,20.13376000,388.09000000,40.57073000
1604163796138,388.08000000,20.13376000,388.09000000,40.57073000
1604163797236,388.08000000,20.13376000,388.09000000,40.57073000
1604163798193,388.08000000,20.13376000,388.09000000,30.57073000
1604163799245,388.10000000,58.35483000,388.11000000,40.34010000
1604163800210,388.10000000,6.35483000,388.11000000,40.74836000
1604163801155,388.10000000,6.35483000,388.11000000,45.66157000
1604163802248,388.07000000,1.80000000,388.08000000,50.55096000
1604163803200,388.07000000,1.80000000,388.08000000,50.28430000
1604163804251,388.07000000,5.76710000,388.08000000,35.32084000
1604163805229,388.06000000,8.00000000,388.07000000,5.00000000
1604163806117,388.06000000,8.67302000,388.07000000,40.44492000
1604163807236,388.06000000,8.67302000,388.07000000,40.44492000
1604163808256,388.06000000,8.67302000,388.07000000,40.67098000
1604163809247,388.03000000,3.50106000,388.04000000,24.14288000
1604163810247,388.03000000,3.50106000,388.04000000,23.14288000
1604163811230,388.03000000,8.50106000,388.04000000,22.38896000
1604163812096,388.03000000,8.50106000,388.04000000,22.38896000
1604163813035,388.03000000,8.50106000,388.04000000,22.38896000
1604163814121,388.03000000,4.40000000,388.04000000,27.57279000
1604163815260,388.00000000,1.88685000,388.01000000,38.38547000
1604163816246,388.00000000,1.88685000,388.01000000,43.65449000
1604163817242,388.00000000,1.88685000,388.01000000,43.70154000
1604163818210,388.00000000,1.88685000,388.01000000,41.04171000
1604163819230,388.00000000,1.12066000,388.01000000,41.05968000
1604163820203,388.00000000,0.12380000,388.01000000,41.05968000
1604163821248,388.00000000,0.12380000,388.01000000,35.34017000
1604163822259,388.00000000,5.12380000,388.01000000,35.73596000
1604163823260,388.00000000,0.12380000,388.01000000,40.73596000
1604163824258,388.00000000,0.12380000,388.01000000,40.64394000
1604163825249,388.00000000,0.12380000,388.01000000,40.64394000
1604163826248,388.00000000,0.12380000,388.01000000,55.30760000
1604163827264,388.00000000,0.12380000,388.01000000,54.06156000
1604163828212,388.00000000,0.12380000,388.01000000,54.06156000
1604163829230,388.00000000,0.12380000,388.01000000,54.06156000
1604163830217,387.97000000,0.73172000,387.98000000,57.40372000
1604163831250,387.97000000,6.48136000,387.98000000,48.63409000
1604163832228,387.95000000,0.97386000,387.97000000,3.17533000
1604163833242,387.99000000,121.44745000,388.00000000,2.84924000
1604163834263,388.06000000,13.40158000,388.07000000,37.65295000
1604163835221,388.06000000,26.06360000,388.07000000,37.65295000
1604163836265,388.02000000,60.19275000,388.03000000,44.68674000
1604163837268,388.11000000,5.00000000,388.12000000,6.37189000
1604163838266,388.06000000,0.23600000,388.09000000,3.15225000
1604163839086,388.07000000,0.71931000,388.09000000,38.62828000
1604163840268,388.07000000,0.97699000,388.08000000,3.33630000
1604163841269,388.10000000,1.28301000,388.11000000,61.64045000
1604163842264,388.10000000,88.58831000,388.11000000,13.43506000
1604163843256,388.10000000,93.75470000,388.11000000,13.22787000
1604163844267,388.14000000,52.91942000,388.15000000,0.00103000
1604163845247,388.14000000,74.25441000,388.15000000,0.00103000
1604163846232,388.14000000,69.25441000,388.15000000,0.00103000
1604163847271,388.15000000,0.03012000,388.16000000,5.44337000
1604163848224,388.15000000,0.03012000,388.16000000,126.67962000
1604163849198,388.14000000,0.03100000,388.15000000,138.89105000
1604163850247,388.11000000,0.56076000,388.12000000,1.77896000
1604163851259,388.11000000,0.56076000,388.12000000,21.77896000
1604163852262,388.11000000,118.31882000,388.12000000,1.20323000
1604163853268,388.12000000,46.85892000,388.14000000,40.86482000
1604163854135,388.13000000,86.70290000,388.14000000,12.52117000
1604163855250,388.13000000,86.70290000,388.14000000,1.77881000
1604163856274,388.15000000,78.66629000,388.16000000,4.10693000
1604163857263,388.15000000,119.49514000,388.16000000,0.03091000
1604163858257,388.18000000,57.01132000,388.19000000,9.77868000
1604163859264,388.18000000,48.57988000,388.19000000,9.59574000
1604163860272,388.18000000,1.77866000,388.19000000,14.56550000
1604163861278,388.18000000,1.77866000,388.19000000,44.56550000
1604163862233,388.18000000,31.66211000,388.19000000,14.56550000
1604163863270,388.23000000,33.21818000,388.24000000,6.14084000
1604163864257,388.21000000,33.13994000,388.24000000,61.04460000
1604163865227,388.21000000,33.13994000,388.24000000,31.04460000
1604163866279,388.22000000,0.19685000,388.24000000,11.04460000
1604163867277,388.19000000,0.29167000,388.20000000,20.00000000
1604163868216,388.23000000,81.37939000,388.24000000,1.14084000
1604163869216,388.23000000,81.37939000,388.24000000,1.11226000
1604163870259,388.23000000,0.37939000,388.24000000,56.11226000
1604163871281,388.23000000,60.96459000,388.24000000,5.37790000
1604163872261,388.19000000,0.57002000,388.20000000,3.64900000
1604163873119,388.19000000,0.57002000,388.20000000,3.64900000
1604163874269,388.18000000,6.89948000,388.19000000,10.00000000
1604163875249,388.18000000,6.89948000,388.19000000,39.96360000
1604163876281,388.18000000,6.89948000,388.19000000,39.96360000
1604163877267,388.18000000,6.66211000,388.19000000,39.93252000
1604163878262,388.18000000,6.66211000,388.19000000,39.93252000
1604163879243,388.19000000,5.00000000,388.20000000,32.51365000
1604163880227,388.20000000,5.16089000,388.21000000,29.86171000
1604163881255,388.20000000,5.16089000,388.21000000,62.27481000
1604163882258,388.20000000,5.16089000,388.21000000,57.08637000
1604163883268,388.20000000,5.16089000,388.21000000,17.08637000
1604163884280,388.20000000,5.16089000,388.21000000,23.19601000
1604163885282,388.21000000,0.43569000,388.22000000,5.00000000
1604163886288,388.18000000,4.46436000,388.19000000,9.90252000
1604163887261,388.18000000,11.00179000,388.19000000,40.00000000
1604163888282,388.15000000,9.47149000,388.16000000,17.86427000
1604163889280,388.13000000,0.26840000,388.14000000,30.84909000
1604163890288,388.11000000,5.60525000,388.12000000,10.66741000
1604163891280,388.11000000,5.03091000,388.12000000,30.00000000
1604163892297,388.11000000,0.03091000,388.12000000,84.24085000
1604163893294,388.11000000,0.00091000,388.12000000,120.20240000
1604163894265,388.11000000,0.00091000,388.12000000,120.20240000
1604163895261,388.11000000,0.00091000,388.12000000,120.20240000
1604163896260,388.11000000,0.00091000,388.12000000,124.36100000
1604163897257,388.11000000,0.00091000,388.12000000,123.57861000
1604163898297,388.08000000,0.00006000,388.09000000,98.82795000
1604163899285,388.03000000,0.11602000,388.04000000,32.82158000
1604163900298,388.01000000,4.87325000,388.02000000,65.59138000
1604163901258,388.01000000,1.53425000,388.02000000,70.44207000
1604163902112,388.01000000,0.00025000,388.02000000,70.44207000
1604163903288,388.01000000,0.00054000,388.02000000,70.44207000
1604163904276,388.01000000,0.00054000,388.02000000,70.44207000
1604163905291,387.99000000,0.29503000,388.00000000,16.93123000
1604163906274,387.97000000,0.75054000,387.98000000,55.52799000
1604163907255,387.97000000,5.75054000,387.98000000,27.86429000
1604163908297,387.97000000,5.75054000,387.98000000,27.83440000
1604163909253,387.97000000,0.75054000,387.98000000,60.18984000
1604163910296,387.97000000,0.45592000,387.98000000,60.18984000
1604163911292,387.97000000,0.45592000,387.98000000,80.33003000
1604163912247,387.97000000,0.45592000,387.98000000,75.57493000
1604163913300,387.97000000,5.69532000,387.98000000,33.49465000
1604163914278,387.97000000,5.84487000,387.98000000,37.16709000
1604163915305,387.95000000,30.15464000,387.96000000,5.00000000
1604163916268,387.94000000,0.31340000,387.95000000,15.00000000
1604163917203,387.95000000,35.27862000,387.96000000,2.65295000
1604163918303,387.95000000,35.27862000,387.96000000,2.65295000
1604163919305,387.95000000,35.27862000,387.96000000,2.65295000
1604163920286,387.95000000,58.11337000,387.96000000,2.65295000
1604163921284,387.95000000,58.11337000,387.96000000,2.65295000
1604163922299,387.97000000,87.22805000,387.98000000,4.79995000
1604163923305,387.97000000,98.82625000,387.98000000,4.80070000
1604163924285,387.97000000,40.98385000,387.98000000,19.69946000
1604163925307,387.95000000,11.91029000,387.96000000,34.94276000
1604163926311,387.91000000,0.15089000,387.92000000,15.00000000
1604163927286,387.87000000,7.08960000,387.88000000,40.00000000
1604163928311,387.87000000,35.52977000,387.88000000,10.00000000
1604163929249,387.87000000,5.52977000,387.88000000,10.00000000
1604163930282,387.87000000,35.52977000,387.88000000,10.00000000
1604163931309,387.92000000,52.78187000,387.93000000,45.50000000
1604163932290,387.88000000,54.91324000,387.89000000,0.04260000
1604163933306,387.88000000,72.40356000,387.89000000,1.14501000
1604163934295,387.88000000,42.40356000,387.89000000,1.10710000
1604163935244,387.88000000,5.69121000,387.89000000,31.02938000
1604163936273,387.88000000,5.69121000,387.89000000,8.14383000
1604163937283,387.88000000,35.69121000,387.89000000,8.14383000
1604163938307,387.88000000,5.34020000,387.89000000,44.93121000
1604163939273,387.88000000,105.14828000,387.89000000,2.84038000
1604163940269,387.88000000,108.72278000,387.89000000,2.48938000
1604163941309,387.88000000,108.72278000,387.89000000,2.45897000
1604163942289,387.88000000,108.72278000,387.89000000,2.23074000
1604163943292,387.88000000,73.02089000,387.89000000,2.17460000
1604163944290,387.88000000,103.31073000,387.89000000,1.88920000
1604163945317,387.88000000,75.38097000,387.89000000,1.88920000
1604163946317,387.88000000,81.44609000,387.89000000,0.39453000
1604163947285,387.88000000,81.44609000,387.89000000,0.39453000
1604163948105,387.88000000,77.87159000,387.89000000,0.08517000
1604163949214,387.88000000,21.44434000,387.89000000,0.36505000
1604163950252,387.88000000,21.44434000,387.89000000,0.05569000
1604163951252,387.88000000,21.44434000,387.89000000,0.05569000
1604163952320,387.88000000,19.47220000,387.89000000,0.05569000
1604163953300,387.88000000,55.35925000,387.89000000,0.36505000
1604163954267,387.88000000,63.75117000,387.89000000,0.26206000
1604163955255,387.88000000,63.75117000,387.89000000,0.26206000
1604163956321,387.88000000,63.75117000,387.89000000,0.26206000
1604163957290,387.88000000,63.75117000,387.89000000,0.23316000
1604163958283,387.88000000,63.75117000,387.89000000,0.23316000
1604163959308,387.87000000,0.16246000,387.88000000,12.25167000
1604163960324,387.87000000,0.16246000,387.88000000,42.25167000
1604163961313,387.86000000,0.10780000,387.87000000,54.95098000
1604163962319,387.86000000,0.10780000,387.87000000,55.68441000
1604163963309,387.86000000,0.15653000,387.87000000,95.46467000
1604163964298,387.86000000,0.00053000,387.87000000,98.62351000
1604163965289,387.86000000,0.00053000,387.87000000,98.59344000
1604163966310,387.86000000,0.00053000,387.87000000,101.23029000
1604163967313,387.86000000,0.00053000,387.87000000,98.81258000
1604163968305,387.86000000,0.00053000,387.87000000,98.81258000
1604163969302,387.86000000,0.00053000,387.87000000,87.64520000
1604163970327,387.80000000,2.57536000,387.82000000,5.00000000
1604163971289,387.81000000,11.07137000,387.82000000,2.25267000
1604163972317,387.81000000,16.07137000,387.82000000,0.93708000
1604163973326,387.79000000,5.00000000,387.82000000,3.05065000
1604163974313,387.81000000,15.00000000,387.82000000,2.88733000
1604163975319,387.81000000,14.76041000,387.82000000,10.68795000
1604163976327,387.84000000,10.00000000,387.85000000,80.14244000
1604163977329,387.79000000,5.00000000,387.80000000,36.97104000
1604163978302,387.78000000,30.00000000,387.80000000,5.00000000
1604163979329,387.79000000,5.00000000,387.80000000,98.99691000
1604163980315,387.76000000,5.03094000,387.77000000,2.15364000
1604163981287,387.76000000,5.03094000,387.77000000,35.13549000
1604163982302,387.75000000,14.98094000,387.76000000,24.01155000
1604163983329,387.76000000,0.11361000,387.80000000,36.73783000
1604163984320,387.76000000,0.11361000,387.77000000,59.95639000
1604163985311,387.76000000,0.11361000,387.77000000,36.26047000
1604163986331,387.76000000,0.11361000,387.77000000,6.26047000
1604163987326,387.75000000,9.98094000,387.77000000,58.38540000
1604163988332,387.75000000,39.98094000,387.76000000,5.00000000
1604163989325,387.68000000,1.34469000,387.69000000,61.52559000
