timestamp,bidPrice,bidSize,askPrice,askSize
1604469241971,383.84000000,62.96339000,383.85000000,2.29632000
1604469242988,383.84000000,10.46690000,383.85000000,7.79160000
1604469243886,383.84000000,62.96339000,383.85000000,1.61716000
1604469244990,383.84000000,121.90441000,383.85000000,1.61716000
1604469245990,383.86000000,3.02670000,383.87000000,30.00000000
1604469246999,383.85000000,0.00061000,383.86000000,45.95741000
1604469247901,383.85000000,0.00061000,383.86000000,42.08002000
1604469248998,383.95000000,142.34738000,383.96000000,0.78133000
1604469250001,383.95000000,91.84738000,383.96000000,0.75081000
1604469251002,383.92000000,6.00000000,383.93000000,101.24309000
1604469252002,383.92000000,5.00000000,383.93000000,35.26443000
1604469253004,384.05000000,35.05904000,384.06000000,47.13194000
1604469254003,383.96000000,6.23579000,383.97000000,96.50000000
1604469254999,383.98000000,55.88005000,383.99000000,4.06188000
1604469255989,383.97000000,5.00000000,383.98000000,4.06183000
1604469256932,383.98000000,5.00000000,383.99000000,33.95742000
1604469258007,384.00000000,5.00000000,384.02000000,35.18802000
1604469258995,384.00000000,5.00000000,384.02000000,34.06121000
1604469259992,384.00000000,2.15639000,384.02000000,35.00000000
1604469260983,383.96000000,9.20378000,384.00000000,35.21214000
1604469261978,383.95000000,5.00000000,383.96000000,41.73853000
1604469262920,383.95000000,21.27098000,383.96000000,30.00000000
1604469263918,383.95000000,7.97793000,383.96000000,34.06154000
1604469264998,383.90000000,5.00000000,383.91000000,48.60893000
1604469265996,383.89000000,1.10700000,383.90000000,139.18945000
1604469266928,383.89000000,42.22289000,383.90000000,86.52800000
1604469267968,383.89000000,30.20700000,383.90000000,100.37422000
1604469268908,383.92000000,1.30664000,383.93000000,59.44931000
1604469269966,383.92000000,1.30664000,383.93000000,150.94931000
1604469270999,383.92000000,6.30664000,383.93000000,145.80656000
1604469271908,383.92000000,1.30664000,383.93000000,153.48355000
1604469273010,383.92000000,1.30664000,383.93000000,153.48355000
1604469274007,383.99000000,4.95000000,384.00000000,120.89154000
1604469275006,383.95000000,18.98324000,383.96000000,35.00000000
1604469275989,383.95000000,23.98324000,383.96000000,114.16524000
1604469276875,383.95000000,57.35073000,383.96000000,91.50000000
1604469278005,383.95000000,64.01143000,383.96000000,64.50000000
1604469279007,383.95000000,6.30784000,383.96000000,126.50000000
1604469279998,383.95000000,6.30784000,383.96000000,103.54038000
1604469280833,383.95000000,1.30784000,383.96000000,142.54038000
1604469282009,383.95000000,35.30784000,383.96000000,10.97319000
1604469282970,383.92000000,31.27273000,383.96000000,33.90180000
1604469283952,383.94000000,5.00000000,383.95000000,30.00000000
1604469285018,383.95000000,0.15174000,383.98000000,3.00000000
1604469285959,383.98000000,1.29589000,383.99000000,40.87039000
1604469287019,383.94000000,6.30228000,383.95000000,59.60551000
1604469288009,383.95000000,0.36760000,383.97000000,7.30528000
1604469288946,383.96000000,10.67351000,383.98000000,34.36701000
1604469290021,383.96000000,5.30590000,383.97000000,96.50000000
1604469290952,383.96000000,10.30590000,383.97000000,103.53567000
1604469291988,383.96000000,10.67346000,383.97000000,96.47082000
1604469293024,383.97000000,0.36756000,383.98000000,131.50000000
1604469293994,383.98000000,41.67283000,383.99000000,38.99995000
1604469295005,383.98000000,36.47826000,383.99000000,48.39995000
1604469295936,383.98000000,53.04301000,383.99000000,11.63195000
1604469296975,383.98000000,5.00000000,383.99000000,101.50000000
1604469298022,383.93000000,0.21478000,383.94000000,81.50000000
1604469299004,383.93000000,5.00000000,383.94000000,120.15819000
1604469299991,383.95000000,5.00000000,383.96000000,7.49136000
1604469300967,383.94000000,5.03415000,383.98000000,126.50000000
1604469301945,383.93000000,35.27800000,383.94000000,96.40000000
1604469302959,383.92000000,22.67540000,383.93000000,55.47330000
1604469304028,383.99000000,5.00000000,384.00000000,0.10361000
1604469305013,383.99000000,52.67540000,384.00000000,91.50000000
1604469305976,384.03000000,7.64732000,384.04000000,43.10165000
1604469307019,383.96000000,2.40703000,383.97000000,52.87250000
1604469307968,383.96000000,5.00000000,383.99000000,0.18881000
1604469309002,383.96000000,5.00000000,383.99000000,40.25783000
1604469310001,383.96000000,5.00000000,383.97000000,118.81206000
1604469310946,383.96000000,22.70467000,383.97000000,113.70791000
1604469311960,383.96000000,22.70467000,383.97000000,113.70791000
1604469312957,383.96000000,22.70467000,383.97000000,114.46420000
1604469314010,383.98000000,22.70467000,383.99000000,31.95563000
1604469315029,383.75000000,30.00000000,383.77000000,11.50865000
1604469316028,383.81000000,49.95000000,383.82000000,12.99999000
1604469316985,383.81000000,141.45000000,383.82000000,13.75628000
1604469317969,383.81000000,29.19085000,383.82000000,12.67699000
1604469318982,383.81000000,29.07894000,383.82000000,22.35399000
1604469319999,383.82000000,46.70841000,383.85000000,4.86019000
1604469321031,383.82000000,41.57171000,383.83000000,0.00079000
1604469322035,383.83000000,3.33530000,383.85000000,4.83101000
1604469322986,383.83000000,3.33530000,383.85000000,4.83101000
1604469324035,383.76000000,5.00000000,383.80000000,14.26336000
1604469324980,383.76000000,5.00000000,383.79000000,6.77136000
1604469326024,383.76000000,5.88717000,383.79000000,91.68345000
1604469327028,383.75000000,30.00000000,383.76000000,98.60000000
1604469328001,383.75000000,35.00000000,383.76000000,94.00000000
1604469328793,383.75000000,34.60957000,383.76000000,101.18630000
1604469330002,383.77000000,5.00000000,383.78000000,6.73991000
1604469330975,383.76000000,0.55862000,383.77000000,96.50000000
1604469332018,383.76000000,5.00000000,383.77000000,5.60000000
1604469333032,383.75000000,29.60957000,383.76000000,135.28281000
1604469334036,383.71000000,0.69087000,383.74000000,30.00000000
1604469335028,383.71000000,42.94797000,383.75000000,61.23100000
1604469335898,383.72000000,5.00000000,383.73000000,69.44809000
1604469337023,383.73000000,5.00000000,383.74000000,125.78359000
1604469338042,383.74000000,160.19067000,383.75000000,2.80000000
1604469339030,383.76000000,25.00000000,383.77000000,132.34002000
1604469340008,383.73000000,6.17521000,383.75000000,2.80000000
1604469341022,383.74000000,5.00000000,383.75000000,130.82917000
1604469342043,383.76000000,25.00000000,383.77000000,1.71158000
1604469342973,383.76000000,32.84230000,383.77000000,0.91158000
1604469344035,383.76000000,42.26153000,383.77000000,0.91158000
1604469345027,383.76000000,11.50564000,383.77000000,0.91158000
1604469346046,383.49000000,33.69629000,383.50000000,74.83100000
1604469347046,383.48000000,0.17119000,383.49000000,117.43319000
1604469348048,383.47000000,6.40349000,383.48000000,31.24874000
1604469349048,383.47000000,36.69316000,383.48000000,1.40165000
1604469350040,383.47000000,1.18249000,383.48000000,162.49776000
1604469351022,383.47000000,0.00049000,383.48000000,77.99569000
1604469352037,383.47000000,0.00049000,383.48000000,79.20958000
1604469353025,383.44000000,6.97990000,383.45000000,0.33858000
1604469353999,383.44000000,6.97990000,383.45000000,0.33858000
1604469355011,383.44000000,5.00000000,383.45000000,36.07340000
1604469355820,383.44000000,5.00000000,383.45000000,36.89601000
1604469357051,383.44000000,5.00000000,383.45000000,1.13044000
1604469358001,383.44000000,4.70000000,383.45000000,1.13044000
1604469359042,383.42000000,5.15447000,383.43000000,37.15978000
1604469359996,383.42000000,5.15447000,383.43000000,92.07905000
1604469361025,383.42000000,5.15447000,383.43000000,34.05213000
1604469362035,383.42000000,5.12724000,383.43000000,34.78871000
1604469363036,383.42000000,5.14295000,383.43000000,30.85915000
1604469364045,383.42000000,0.14295000,383.43000000,35.85915000
1604469365044,383.40000000,3.42017000,383.41000000,170.01399000
1604469365923,383.40000000,0.00017000,383.41000000,120.26599000
1604469367036,383.40000000,0.00017000,383.41000000,118.32251000
1604469368020,383.40000000,0.00017000,383.41000000,118.32251000
1604469369049,383.40000000,0.00017000,383.41000000,118.32251000
1604469370046,383.40000000,0.00017000,383.41000000,118.32251000
1604469371044,383.40000000,0.00017000,383.41000000,116.50323000
1604469372049,383.51000000,5.29520000,383.52000000,32.05996000
1604469373045,383.49000000,78.67700000,383.50000000,39.89921000
1604469374040,383.60000000,77.70000000,383.61000000,33.31055000
1604469375046,383.60000000,9.81488000,383.61000000,32.24811000
1604469376055,383.59000000,5.00000000,383.60000000,3.22303000
1604469377023,383.60000000,133.41911000,383.61000000,29.02500000
1604469378044,383.60000000,29.73800000,383.61000000,31.56173000
1604469379053,383.68000000,20.00000000,383.69000000,38.22227000
1604469380017,383.68000000,20.00000000,383.69000000,38.19250000
1604469381058,383.71000000,10.00000000,383.72000000,3.22122000
1604469382048,383.71000000,4.51974000,383.72000000,88.28794000
1604469383057,383.68000000,7.19552000,383.71000000,60.79508000
1604469384018,383.69000000,32.87060000,383.70000000,29.93260000
1604469385039,383.71000000,29.45025000,383.72000000,36.62155000
1604469386056,383.71000000,29.45025000,383.72000000,80.69105000
1604469387003,383.71000000,24.40025000,383.72000000,89.24105000
1604469388043,383.71000000,63.06025000,383.72000000,3.40000000
1604469389061,383.71000000,19.95781000,383.72000000,41.62128000
1604469390055,383.63000000,49.35014000,383.69000000,91.72180000
1604469391048,383.65000000,4.60000000,383.66000000,52.72187000
1604469392060,383.65000000,5.00000000,383.66000000,79.50000000
1604469393006,383.65000000,5.00000000,383.66000000,33.22216000
1604469394037,383.65000000,23.15535000,383.66000000,33.09136000
1604469395061,383.48000000,3.00000000,383.52000000,5.00000000
1604469396042,383.54000000,35.00000000,383.55000000,48.96149000
1604469397060,383.54000000,30.00000000,383.55000000,49.72401000
1604469398063,383.54000000,44.12174000,383.55000000,43.77549000
1604469399034,383.51000000,45.24576000,383.52000000,5.00000000
1604469400024,383.50000000,8.30057000,383.51000000,3.10186000
1604469401053,383.54000000,35.00000000,383.55000000,47.95149000
1604469402058,383.55000000,37.14186000,383.56000000,0.39107000
1604469403053,383.55000000,62.02766000,383.56000000,0.39107000
1604469404051,383.55000000,62.02766000,383.56000000,0.39107000
1604469404876,383.55000000,62.11334000,383.56000000,0.00007000
1604469406054,383.58000000,49.94954000,383.59000000,5.00000000
1604469407068,383.61000000,101.50000000,383.62000000,0.19460000
1604469408062,383.78000000,20.00000000,383.79000000,120.15673000
1604469409051,383.73000000,0.23812000,383.74000000,129.63713000
1604469410061,383.72000000,36.39536000,383.73000000,27.00000000
1604469410918,383.72000000,36.39536000,383.73000000,25.82211000
1604469412071,383.72000000,36.39536000,383.73000000,25.82211000
1604469413071,383.76000000,20.00000000,383.77000000,5.00000000
1604469414043,383.76000000,20.00000000,383.77000000,42.23356000
1604469415054,383.76000000,20.00000000,383.77000000,42.23356000
1604469416075,383.72000000,0.15271000,383.77000000,30.00000000
1604469416959,383.76000000,14.98300000,383.77000000,42.17390000
1604469418074,383.84000000,25.00000000,383.85000000,35.36058000
1604469419069,383.84000000,24.67700000,383.85000000,37.05643000
1604469420045,383.87000000,13.47300000,383.88000000,42.09202000
1604469421072,383.84000000,18.34236000,383.85000000,41.96259000
1604469422069,383.84000000,18.34236000,383.85000000,41.96259000
1604469423049,383.81000000,18.38593000,383.82000000,101.99857000
1604469424051,383.81000000,4.80767000,383.82000000,5.00000000
1604469425076,383.81000000,0.04357000,383.82000000,5.00000000
1604469426066,383.86000000,58.42384000,383.87000000,0.92842000
1604469427058,383.90000000,17.16029000,383.91000000,130.10081000
1604469428069,383.85000000,5.00000000,383.86000000,5.00000000
1604469429017,383.85000000,5.00000000,383.86000000,5.00000000
1604469430078,383.84000000,5.00000000,383.85000000,6.34027000
1604469431067,383.84000000,5.00000000,383.85000000,91.50000000
1604469432040,383.84000000,10.00000000,383.85000000,91.30500000
1604469433074,383.84000000,5.00000000,383.85000000,91.30500000
1604469434046,383.85000000,9.14835000,383.86000000,5.00000000
1604469435003,383.85000000,5.00000000,383.86000000,116.00000000
1604469436017,383.85000000,5.00000000,383.86000000,86.00000000
1604469437073,383.85000000,5.00000000,383.86000000,86.00000000
1604469438074,383.88000000,58.29170000,383.89000000,0.15688000
1604469439079,383.92000000,17.16029000,383.93000000,73.85329000
1604469440078,383.90000000,5.65810000,383.93000000,80.68930000
1604469441077,383.92000000,30.50589000,383.93000000,43.85329000
1604469442077,383.92000000,24.37519000,383.93000000,78.85329000
1604469443075,383.88000000,10.00000000,383.89000000,4.96959000
1604469444058,383.91000000,10.00000000,383.92000000,77.00000000
1604469445080,383.91000000,10.00000000,383.92000000,79.50565000
1604469446050,383.91000000,9.58146000,383.92000000,7.50565000
1604469447084,383.88000000,31.13024000,383.89000000,5.00000000
1604469448073,383.84000000,6.18507000,383.87000000,5.00000000
1604469449082,383.84000000,6.18507000,383.85000000,5.00000000
1604469450042,383.88000000,1.13064000,383.90000000,2.48179000
1604469451080,383.87000000,1.13064000,383.88000000,5.00000000
1604469452047,383.85000000,1.13064000,383.86000000,5.00000000
1604469453078,383.85000000,15.41950000,383.88000000,6.31037000
1604469454067,383.85000000,4.75930000,383.86000000,5.00000000
1604469455067,383.88000000,5.00000000,383.89000000,41.40818000
1604469456085,383.88000000,35.00000000,383.89000000,5.00000000
1604469457079,383.81000000,11.20370000,383.89000000,35.00000000
1604469458080,383.87000000,5.00000000,383.88000000,5.00000000
1604469459082,383.91000000,11.13041000,383.92000000,5.83001000
1604469460068,383.87000000,1.13055000,383.88000000,5.00000000
1604469461085,383.90000000,30.66635000,383.91000000,5.15326000
1604469462051,383.90000000,5.00000000,383.91000000,5.00000000
1604469463088,383.90000000,5.00000000,383.93000000,53.07031000
1604469464075,383.89000000,5.00000000,383.93000000,174.64380000
1604469465072,383.89000000,5.00000000,383.90000000,5.00000000
1604469466091,383.92000000,89.82182000,383.93000000,44.12924000
1604469467080,383.92000000,138.16626000,383.93000000,43.85329000
1604469468051,383.88000000,6.79068000,383.93000000,46.68829000
1604469469087,383.86000000,35.94340000,383.87000000,78.40000000
1604469470082,383.90000000,5.27153000,383.91000000,111.50000000
1604469471085,383.85000000,1.94053000,383.88000000,11.27012000
1604469472076,383.85000000,1.94053000,383.86000000,151.97153000
1604469472899,383.85000000,1.94053000,383.86000000,151.97153000
1604469473956,383.85000000,36.94053000,383.86000000,25.47153000
1604469474903,383.85000000,6.94053000,383.86000000,146.97153000
1604469476002,383.85000000,1.94053000,383.86000000,146.94237000
1604469477051,383.84000000,2.79800000,383.85000000,70.17481000
1604469478088,383.80000000,33.59416000,383.81000000,30.36949000
1604469479089,383.82000000,4.90000000,383.84000000,2.75595000
1604469479942,383.82000000,4.90000000,383.84000000,2.75595000
1604469481091,383.80000000,33.59416000,383.81000000,5.00000000
1604469482093,383.80000000,38.59416000,383.81000000,4.94389000
1604469483091,383.83000000,5.00000000,383.84000000,6.93675000
1604469484087,383.83000000,0.53998000,383.84000000,11.67433000
1604469485052,383.83000000,1.47208000,383.84000000,132.88962000
1604469485908,383.83000000,1.47208000,383.84000000,132.96372000
1604469487024,383.83000000,1.20850000,383.84000000,163.07810000
1604469488089,383.80000000,3.59416000,383.81000000,101.50000000
1604469489086,383.80000000,4.05784000,383.81000000,149.50000000
1604469490034,383.75000000,30.13529000,383.76000000,93.00254000
1604469491093,383.75000000,0.13529000,383.76000000,157.12809000
1604469492085,383.75000000,30.13529000,383.76000000,107.12809000
1604469493022,383.75000000,0.13529000,383.76000000,157.09719000
1604469494072,383.75000000,30.48338000,383.76000000,103.26142000
1604469495091,383.75000000,127.56810000,383.76000000,6.00000000
1604469496089,383.77000000,5.00000000,383.81000000,0.24789000
1604469497071,383.75000000,5.19721000,383.78000000,7.73950000
1604469498087,383.73000000,0.72829000,383.76000000,5.00000000
1604469499099,383.76000000,0.72829000,383.77000000,5.00000000
1604469500094,383.72000000,30.00000000,383.73000000,11.03776000
1604469501096,383.69000000,8.00000000,383.70000000,32.54837000
1604469502093,383.69000000,38.00000000,383.70000000,28.00967000
1604469503083,383.67000000,15.13095000,383.69000000,10.57708000
1604469504039,383.67000000,46.57523000,383.68000000,20.00000000
1604469505099,383.67000000,46.57523000,383.68000000,20.00000000
1604469505991,383.70000000,3.66900000,383.71000000,10.70128000
1604469507095,383.70000000,3.30847000,383.71000000,10.70128000
1604469508080,383.70000000,3.30847000,383.71000000,30.67128000
1604469509072,383.70000000,8.30847000,383.71000000,27.29061000
1604469510057,383.70000000,173.30847000,383.71000000,25.00000000
1604469511087,383.70000000,173.30847000,383.71000000,79.61101000
1604469511967,383.70000000,173.30847000,383.71000000,79.89254000
1604469513033,383.70000000,173.30847000,383.71000000,73.51396000
1604469514085,383.70000000,174.56405000,383.71000000,64.95985000
1604469515085,383.70000000,173.75329000,383.71000000,17.45985000
1604469516090,383.70000000,173.75329000,383.71000000,31.59857000
1604469517081,383.71000000,30.00000000,383.72000000,5.00000000
1604469518077,383.71000000,39.50150000,383.72000000,5.00000000
1604469519106,383.71000000,30.00000000,383.72000000,32.45047000
1604469520098,383.70000000,198.75329000,383.71000000,109.95042000
1604469521033,383.70000000,199.37805000,383.71000000,74.95042000
1604469522070,383.70000000,199.20205000,383.71000000,74.84542000
1604469523036,383.70000000,199.20205000,383.71000000,62.34542000
1604469524002,383.70000000,199.20275000,383.71000000,31.44542000
1604469525090,383.70000000,199.20275000,383.71000000,107.94542000
1604469526099,383.70000000,199.05275000,383.71000000,31.41457000
1604469526877,383.70000000,199.05275000,383.71000000,60.73036000
1604469527986,383.70000000,194.16229000,383.71000000,30.73036000
1604469529094,383.70000000,176.69986000,383.71000000,40.73036000
1604469530053,383.70000000,176.69986000,383.71000000,20.73036000
1604469531108,383.70000000,145.88910000,383.71000000,70.94849000
1604469532004,383.70000000,176.69986000,383.71000000,20.94849000
1604469533016,383.70000000,146.69986000,383.71000000,75.15920000
1604469533853,383.70000000,146.68982000,383.71000000,166.62863000
1604469535069,383.70000000,138.49682000,383.71000000,75.12863000
1604469536106,383.70000000,69.48982000,383.71000000,166.62863000
1604469537095,383.70000000,69.48982000,383.71000000,166.62863000
1604469538066,383.66000000,30.21891000,383.67000000,108.18683000
1604469539093,383.63000000,30.00000000,383.64000000,83.59503000
1604469540105,383.63000000,30.00000000,383.64000000,36.59503000
1604469541101,383.58000000,30.00000000,383.59000000,86.50749000
1604469542094,383.58000000,30.00000000,383.59000000,87.85289000
1604469543096,383.58000000,30.04667000,383.59000000,124.44842000
1604469544095,383.58000000,0.45046000,383.59000000,178.66425000
1604469545095,383.58000000,0.45046000,383.59000000,168.95463000
1604469546113,383.50000000,30.13037000,383.51000000,157.75456000
1604469547105,383.46000000,5.00000000,383.47000000,37.01144000
1604469548044,383.45000000,53.46533000,383.46000000,29.55295000
1604469549111,383.45000000,30.00000000,383.46000000,35.09905000
1604469550099,383.45000000,29.24859000,383.46000000,33.92896000
1604469551101,383.45000000,34.24859000,383.46000000,19.93933000
1604469551964,383.45000000,5.00000000,383.46000000,58.73615000
1604469553099,383.45000000,5.00000000,383.46000000,58.73615000
1604469554113,383.43000000,38.46520000,383.47000000,3.54374000
1604469555095,383.43000000,38.46520000,383.44000000,10.01487000
1604469556118,383.45000000,46.87705000,383.46000000,10.27200000
1604469557108,383.42000000,41.93037000,383.43000000,119.96113000
1604469558073,383.42000000,6.85933000,383.43000000,120.11966000
1604469559092,383.42000000,11.78832000,383.43000000,55.11966000
1604469560118,383.42000000,41.78832000,383.43000000,30.21813000
1604469561115,383.42000000,41.78832000,383.43000000,40.23300000
1604469562094,383.42000000,11.78832000,383.43000000,129.04132000
1604469563116,383.42000000,6.78832000,383.43000000,144.00619000
1604469564121,383.38000000,0.10112000,383.39000000,45.01487000
1604469565115,383.38000000,30.10112000,383.39000000,15.01487000
1604469566121,383.38000000,11.91668000,383.39000000,5.00000000
1604469567118,383.37000000,1.00000000,383.38000000,164.46057000
1604469568116,383.37000000,36.00000000,383.38000000,106.10713000
1604469569092,383.37000000,62.73812000,383.38000000,89.15313000
1604469570102,383.37000000,62.73812000,383.38000000,45.00413000
1604469570997,383.37000000,52.55922000,383.38000000,45.00413000
1604469572120,383.37000000,52.55922000,383.38000000,45.94795000
1604469573109,383.37000000,52.55922000,383.38000000,45.94795000
1604469574110,383.37000000,75.58018000,383.38000000,1.75642000
1604469575113,383.40000000,16.61526000,383.41000000,30.15805000
1604469576117,383.40000000,5.38444000,383.41000000,69.58562000
1604469577122,383.38000000,0.04583000,383.39000000,15.00000000
1604469578115,383.38000000,0.04583000,383.39000000,54.56939000
1604469579092,383.38000000,0.04583000,383.39000000,64.67594000
1604469580125,383.37000000,0.00013000,383.38000000,57.58845000
1604469581116,383.37000000,0.00013000,383.38000000,69.67882000
1604469582116,383.36000000,0.00023000,383.37000000,115.48768000
1604469583111,383.35000000,0.11253000,383.36000000,57.31296000
1604469584097,383.35000000,0.41459000,383.36000000,110.91951000
1604469585103,383.35000000,0.41459000,383.36000000,57.27606000
1604469586107,383.35000000,0.41459000,383.36000000,57.35261000
1604469587106,383.35000000,0.41459000,383.36000000,148.73884000
1604469588044,383.35000000,0.41459000,383.36000000,116.34539000
1604469589072,383.35000000,0.41459000,383.36000000,127.24254000
1604469590021,383.35000000,0.41459000,383.36000000,159.84909000
1604469591128,383.35000000,5.41459000,383.36000000,50.84818000
1604469592093,383.35000000,0.41459000,383.36000000,65.95473000
1604469593089,383.35000000,0.41459000,383.36000000,149.95473000
1604469594088,383.35000000,0.42139000,383.36000000,66.75473000
1604469595081,383.35000000,0.42139000,383.36000000,147.96413000
1604469596061,383.35000000,0.42139000,383.36000000,147.96413000
1604469597130,383.35000000,0.42139000,383.36000000,55.96413000
1604469598048,383.38000000,157.85962000,383.39000000,0.27473000
1604469599121,383.41000000,86.18163000,383.42000000,40.27706000
1604469600132,383.41000000,30.00000000,383.44000000,38.69999000
1604469601128,383.34000000,5.00000000,383.35000000,85.20691000
1604469602132,383.32000000,34.69282000,383.33000000,10.00000000
1604469603047,383.32000000,34.69282000,383.33000000,36.36510000
1604469604082,383.32000000,4.97703000,383.33000000,30.00000000
1604469605130,383.32000000,0.28421000,383.33000000,50.36178000
1604469606131,383.33000000,30.00000000,383.34000000,7.69646000
1604469607125,383.30000000,1.15237000,383.31000000,42.64590000
1604469608127,383.30000000,1.20724000,383.31000000,52.77374000
1604469609120,383.25000000,0.00047000,383.26000000,52.58552000
1604469610121,383.25000000,0.00047000,383.26000000,47.84995000
1604469611072,383.24000000,5.88327000,383.25000000,147.34548000
1604469612133,383.24000000,5.88327000,383.25000000,199.05864000
1604469613123,383.24000000,5.88327000,383.25000000,199.05864000
1604469614109,383.24000000,6.11464000,383.25000000,197.75400000
1604469615135,383.12000000,0.42718000,383.13000000,24.53004000
1604469616132,383.10000000,0.69307000,383.11000000,60.05627000
1604469617127,383.10000000,28.70870000,383.11000000,16.57112000
1604469618133,383.10000000,5.38444000,383.13000000,53.41399000
1604469619131,382.97000000,6.56843000,382.98000000,21.93923000
1604469620133,382.99000000,59.11175000,383.00000000,1.11423000
1604469621135,383.13000000,101.11001000,383.14000000,30.39150000
1604469622127,383.13000000,80.09198000,383.14000000,28.58155000
1604469623132,383.13000000,104.17069000,383.17000000,0.18978000
1604469624134,383.14000000,0.63665000,383.16000000,11.32183000
1604469625135,383.16000000,156.10958000,383.17000000,1.73664000
1604469626136,383.16000000,64.10958000,383.17000000,1.73664000
1604469627114,383.16000000,29.12270000,383.17000000,71.41653000
1604469628133,383.20000000,71.43899000,383.24000000,6.11751000
1604469629136,383.23000000,42.14690000,383.24000000,42.40784000
1604469630133,383.27000000,25.00000000,383.28000000,30.26730000
1604469631131,383.27000000,118.88746000,383.28000000,0.26730000
1604469632135,383.18000000,5.00000000,383.19000000,73.62029000
1604469633125,383.18000000,9.35300000,383.19000000,29.21327000
1604469634113,383.18000000,9.46012000,383.19000000,36.77544000
1604469635136,383.08000000,0.18386000,383.09000000,21.66894000
1604469636125,383.08000000,35.18386000,383.09000000,16.66894000
1604469637131,383.08000000,5.18386000,383.09000000,48.43607000
1604469638119,383.08000000,5.18386000,383.09000000,64.64453000
1604469639137,382.98000000,3.99335000,382.99000000,55.99987000
1604469640128,382.98000000,8.99335000,382.99000000,24.15140000
1604469641127,383.03000000,5.00000000,383.04000000,94.14049000
1604469642138,383.03000000,102.00000000,383.04000000,35.76988000
1604469643131,383.05000000,2.65294000,383.06000000,58.86814000
1604469644138,383.05000000,3.01214000,383.06000000,116.23727000
1604469645136,383.05000000,0.35920000,383.06000000,116.23727000
1604469646136,383.05000000,0.00020000,383.06000000,116.23760000
1604469647066,383.05000000,0.00020000,383.06000000,116.23760000
1604469648026,383.05000000,0.00020000,383.06000000,129.01433000
1604469649129,382.98000000,2.48387000,382.99000000,48.71263000
1604469650074,382.98000000,2.48387000,383.00000000,87.76790000
1604469651114,382.98000000,2.63954000,383.01000000,72.94775000
1604469652097,382.98000000,2.48387000,382.99000000,98.39244000
1604469653136,382.86000000,9.10913000,382.87000000,62.83492000
1604469654140,382.88000000,21.87135000,382.89000000,0.39175000
1604469655141,382.88000000,184.11699000,382.89000000,0.00009000
1604469656140,383.08000000,96.80045000,383.09000000,42.48709000
1604469657138,383.08000000,14.80045000,383.09000000,33.69496000
1604469658140,383.04000000,7.87539000,383.07000000,67.40922000
1604469659125,382.98000000,0.15197000,382.99000000,75.04563000
1604469660134,382.93000000,46.00002000,383.00000000,50.64484000
1604469661136,382.99000000,102.00000000,383.00000000,2.55825000
1604469662143,382.96000000,5.00000000,382.97000000,10.00000000
1604469663085,382.99000000,119.05528000,383.00000000,2.56274000
1604469664130,382.99000000,15.05800000,383.00000000,2.56274000
1604469665092,382.98000000,5.00000000,382.99000000,20.27013000
1604469666140,382.98000000,5.00000000,383.01000000,84.38872000
1604469667076,383.00000000,5.00000000,383.01000000,56.89006000
1604469668107,382.99000000,5.00000000,383.00000000,55.51957000
1604469669141,382.99000000,102.00000000,383.00000000,2.49788000
1604469670062,383.02000000,90.27000000,383.03000000,62.21058000
1604469671144,382.97000000,5.00000000,382.98000000,91.88779000
1604469672117,383.01000000,12.93742000,383.02000000,62.69443000
1604469673122,382.97000000,35.00000000,382.98000000,3.83300000
1604469674143,382.98000000,40.00000000,382.99000000,10.00000000
1604469675134,382.99000000,67.81949000,383.00000000,34.23671000
1604469676148,382.99000000,32.93700000,383.00000000,34.23671000
1604469677140,382.94000000,5.29152000,382.95000000,44.16496000
1604469678107,382.94000000,92.00000000,382.95000000,45.43443000
1604469679112,382.97000000,0.38444000,382.98000000,20.27778000
1604469680062,382.97000000,0.38444000,382.98000000,93.92788000
1604469681131,382.97000000,0.00044000,382.98000000,98.91918000
1604469682148,382.88000000,1.42259000,382.94000000,52.09788000
1604469683150,382.92000000,5.00000000,382.93000000,22.74249000
1604469684147,382.86000000,122.00000000,382.87000000,4.89042000
1604469685148,382.98000000,56.89999000,382.99000000,0.11724000
1604469686149,382.96000000,1.90218000,382.99000000,5.00000000
1604469687142,382.95000000,31.84795000,382.96000000,5.00000000
1604469688149,382.95000000,31.80861000,382.96000000,5.00000000
1604469689127,382.95000000,5.00000000,382.96000000,4.86908000
1604469690112,382.96000000,18.40058000,382.97000000,4.97038000
1604469691146,382.97000000,1.86486000,382.98000000,53.24248000
1604469692123,382.95000000,4.56742000,382.98000000,59.10123000
1604469693143,382.98000000,5.00000000,382.99000000,0.16491000
1604469694133,382.93000000,0.12087000,382.95000000,43.28347000
1604469695136,382.93000000,5.00000000,382.96000000,7.74249000
1604469696123,382.90000000,5.00000000,382.93000000,49.95000000
1604469697144,382.92000000,0.64605000,382.94000000,47.70000000
1604469698151,382.86000000,0.80000000,382.89000000,9.69448000
1604469699154,382.86000000,0.34604000,382.89000000,47.49471000
1604469700148,382.89000000,5.00000000,382.90000000,74.84834000
1604469701127,382.86000000,0.34604000,382.87000000,96.89105000
1604469702149,382.89000000,5.90862000,382.90000000,0.15232000
1604469703119,382.86000000,0.34604000,382.87000000,76.85409000
1604469704113,382.86000000,0.61655000,382.87000000,76.85409000
1604469705108,382.86000000,0.61655000,382.87000000,76.85409000
1604469706115,382.86000000,0.61655000,382.87000000,77.40229000
1604469707112,382.86000000,0.48691000,382.87000000,76.79324000
1604469708064,382.86000000,0.48691000,382.87000000,76.79324000
1604469709133,382.86000000,0.48691000,382.87000000,76.79324000
1604469710138,382.86000000,0.16391000,382.87000000,46.79410000
1604469711156,382.84000000,5.00000000,382.86000000,21.40000000
1604469712158,382.86000000,6.80671000,382.87000000,39.32337000
1604469713153,382.89000000,6.31081000,382.90000000,5.27208000
1604469714156,382.89000000,0.25678000,382.90000000,33.91580000
1604469715150,382.87000000,5.00000000,382.88000000,71.19972000
1604469716115,382.88000000,5.00000000,382.89000000,0.16593000
1604469717102,382.84000000,0.20000000,382.85000000,65.04929000
1604469718159,382.87000000,4.90000000,382.91000000,30.28337000
1604469719110,382.84000000,0.20000000,382.85000000,30.00000000
1604469720017,382.84000000,0.20000000,382.85000000,30.59748000
1604469721149,382.84000000,0.20000000,382.85000000,30.59748000
1604469722107,382.84000000,0.20000000,382.85000000,32.90224000
1604469723151,382.84000000,0.24269000,382.85000000,32.84411000
1604469724160,382.84000000,5.45270000,382.85000000,2.93224000
1604469725149,382.85000000,5.00000000,382.86000000,81.83481000
1604469726134,382.84000000,0.45270000,382.86000000,81.83481000
1604469726927,382.85000000,5.03168000,382.86000000,79.50005000
1604469728134,382.85000000,0.03168000,382.86000000,79.50005000
1604469729119,382.84000000,0.45270000,382.85000000,5.00000000
1604469730165,382.84000000,0.45270000,382.85000000,17.26964000
1604469731165,382.84000000,0.21001000,382.85000000,90.24933000
1604469732122,382.84000000,5.21001000,382.85000000,41.71346000
1604469733136,382.84000000,5.21001000,382.85000000,41.71346000
1604469734164,382.84000000,5.21001000,382.85000000,46.71346000
1604469734999,382.84000000,0.21001000,382.85000000,90.03855000
1604469736119,382.84000000,0.09250000,382.85000000,90.03855000
1604469737168,382.84000000,0.09250000,382.85000000,49.04842000
1604469738101,382.84000000,0.00050000,382.85000000,49.04842000
1604469739166,382.84000000,0.00050000,382.85000000,113.07942000
1604469740132,382.84000000,0.00050000,382.85000000,51.01884000
1604469740775,382.84000000,0.00050000,382.85000000,101.17823000
1604469742136,382.82000000,5.00000000,382.83000000,37.33529000
1604469743105,382.82000000,5.00000000,382.83000000,32.33529000
1604469744167,382.82000000,5.18637000,382.83000000,32.33529000
1604469745135,382.82000000,5.18637000,382.83000000,32.33529000
1604469746162,382.80000000,6.72925000,382.81000000,99.18727000
1604469747162,382.78000000,5.23533000,382.81000000,119.11636000
1604469748173,382.78000000,10.23533000,382.79000000,37.33630000
1604469749080,382.78000000,5.23533000,382.79000000,87.39237000
1604469750173,382.78000000,2.41730000,382.79000000,87.42568000
1604469751138,382.78000000,2.41730000,382.79000000,87.42568000
1604469752112,382.78000000,1.23653000,382.79000000,87.42568000
1604469753173,382.78000000,1.23653000,382.79000000,37.36961000
1604469754140,382.78000000,2.74042000,382.79000000,76.54032000
1604469755174,382.72000000,18.91016000,382.73000000,41.89999000
1604469756171,382.68000000,0.64623000,382.69000000,7.05390000
1604469757156,382.68000000,5.64623000,382.69000000,25.05390000
1604469758165,382.69000000,61.85580000,382.70000000,11.62200000
1604469759157,382.69000000,221.84481000,382.70000000,1.49543000
1604469760174,382.86000000,56.69917000,382.93000000,3.21669000
1604469761159,382.94000000,4.88973000,382.95000000,42.21630000
1604469762174,382.91000000,9.15001000,382.92000000,54.09999000
1604469763173,382.91000000,60.68924000,382.92000000,30.00000000
1604469764166,382.91000000,5.35633000,382.92000000,79.47074000
1604469765148,382.92000000,126.19301000,382.93000000,30.00000000
1604469766142,382.92000000,0.32100000,382.93000000,35.00000000
1604469767094,382.91000000,0.00018000,382.92000000,5.00000000
1604469768176,382.89000000,102.03177000,382.90000000,30.00000000
1604469769170,382.93000000,15.23090000,382.94000000,30.00000000
1604469770174,382.93000000,5.00000000,382.94000000,30.00000000
1604469770855,382.93000000,4.30907000,382.94000000,30.00000000
1604469772182,382.91000000,0.03133000,382.92000000,5.57567000
1604469773168,382.92000000,102.00000000,382.93000000,30.10000000
1604469774169,382.92000000,27.96704000,382.93000000,0.10000000
1604469775159,382.91000000,0.00038000,382.92000000,5.64475000
1604469776166,382.92000000,5.00000000,382.93000000,30.10000000
1604469777178,382.92000000,31.59197000,382.93000000,30.10000000
1604469778121,382.92000000,31.89973000,382.93000000,30.10000000
1604469779164,382.92000000,29.40763000,382.93000000,30.10000000
1604469780183,382.92000000,149.57344000,382.93000000,0.10000000
1604469781182,382.92000000,26.89973000,382.93000000,30.06847000
1604469782099,382.92000000,26.89973000,382.93000000,30.06847000
1604469783177,382.93000000,6.65676000,382.96000000,30.00000000
1604469784172,382.92000000,3.76216000,382.95000000,0.64428000
1604469785129,382.94000000,20.00000000,382.96000000,30.00000000
1604469786156,382.95000000,20.00000000,382.96000000,29.53295000
1604469787169,382.95000000,26.51443000,382.96000000,29.53295000
1604469788184,382.95000000,26.42721000,382.96000000,26.53723000
1604469789160,382.93000000,2.78266000,382.94000000,5.00000000
1604469790178,382.94000000,5.00000000,382.95000000,1.13981000
1604469791185,382.88000000,0.14462000,382.89000000,50.29850000
1604469792190,382.87000000,32.44085000,382.89000000,34.74539000
1604469793135,382.88000000,53.24619000,382.89000000,12.22201000
1604469794191,382.91000000,1.77645000,382.92000000,35.17134000
1604469795188,382.80000000,8.78888000,382.81000000,5.00000000
1604469796188,382.83000000,176.13256000,382.84000000,0.08568000
1604469797190,382.83000000,40.00000000,382.84000000,0.05493000
1604469798055,382.81000000,29.46122000,382.82000000,4.91472000
1604469799168,382.78000000,54.06352000,382.82000000,35.00000000
1604469800171,382.80000000,10.00000000,382.81000000,41.27634000
1604469801181,382.82000000,10.00000000,382.83000000,14.37215000
1604469802164,382.81000000,10.00000000,382.82000000,40.81277000
1604469803099,382.81000000,50.16547000,382.82000000,30.00000000
1604469804113,382.81000000,0.78332000,382.82000000,35.00000000
1604469805194,382.82000000,107.20439000,382.83000000,17.76665000
1604469806174,382.81000000,86.64259000,382.82000000,31.24942000
1604469807193,382.81000000,0.78332000,382.82000000,52.30220000
1604469808193,382.83000000,113.22919000,382.84000000,0.05493000
1604469809194,382.83000000,71.45663000,382.84000000,5.00000000
1604469810184,382.83000000,41.45663000,382.84000000,40.72929000
1604469811194,382.88000000,137.03439000,382.89000000,0.16295000
1604469812187,382.86000000,34.67510000,382.87000000,5.00000000
1604469813191,382.82000000,7.19928000,382.83000000,45.00000000
1604469814172,382.82000000,5.37503000,382.83000000,45.73321000
1604469815192,382.84000000,101.67515000,382.86000000,5.76309000
1604469816178,382.84000000,101.67515000,382.86000000,35.76314000
1604469817164,382.85000000,155.38783000,382.86000000,30.00000000
1604469818172,382.88000000,14.38910000,382.89000000,5.00000000
1604469819173,382.87000000,44.38910000,382.88000000,3.64828000
1604469820163,382.87000000,14.38910000,382.88000000,39.91856000
1604469821147,382.86000000,0.40224000,382.87000000,39.22238000
1604469822179,382.86000000,0.00024000,382.87000000,39.19087000
1604469823190,382.86000000,0.00024000,382.87000000,69.19087000
1604469824194,382.86000000,0.45010000,382.87000000,39.19087000
1604469825144,382.86000000,5.00000000,382.87000000,45.00000000
1604469826119,382.83000000,0.84760000,382.84000000,5.00000000
1604469827128,382.83000000,109.06389000,382.87000000,30.19492000
1604469828152,382.83000000,109.06389000,382.87000000,30.19492000
1604469829177,382.86000000,35.00000000,382.87000000,10.00000000
1604469830197,382.86000000,35.00000000,382.88000000,3.38048000
1604469831173,382.88000000,3.78942000,382.89000000,15.00000000
1604469832191,382.88000000,38.78942000,382.89000000,10.00000000
1604469833146,382.87000000,92.00000000,382.88000000,5.00000000
1604469833847,382.87000000,122.00000000,382.88000000,15.00000000
1604469835208,382.94000000,6.64836000,382.95000000,49.98407000
1604469836177,382.91000000,20.85758000,382.92000000,2.88918000
1604469837185,382.91000000,92.15353000,382.92000000,1.58564000
1604469838168,382.93000000,25.04202000,382.94000000,44.96932000
1604469839196,383.07000000,74.16966000,383.11000000,35.00000000
1604469840210,383.08000000,92.00000000,383.11000000,30.00000000
1604469841213,383.12000000,135.68886000,383.13000000,29.58318000
1604469842197,383.17000000,92.00000000,383.18000000,41.99686000
1604469843097,383.13000000,66.14438000,383.14000000,30.00000000
1604469844159,383.13000000,67.03436000,383.14000000,30.00000000
1604469845203,383.13000000,74.35981000,383.14000000,30.00000000
1604469846185,383.16000000,63.80049000,383.17000000,29.96886000
1604469847194,383.16000000,40.02858000,383.17000000,29.96886000
1604469848204,383.16000000,163.73604000,383.17000000,23.86886000
1604469849149,383.16000000,91.42758000,383.17000000,23.86886000
1604469850211,383.16000000,12.84046000,383.17000000,28.86886000
1604469851187,383.15000000,51.72628000,383.17000000,27.22001000
1604469852152,383.16000000,4.63860000,383.17000000,27.22001000
1604469853199,383.16000000,57.82979000,383.17000000,22.22001000
1604469854181,383.16000000,0.21931000,383.17000000,27.22001000
1604469855207,383.16000000,0.21931000,383.17000000,27.19115000
1604469856163,383.15000000,99.81557000,383.16000000,33.52818000
1604469857113,383.15000000,117.53662000,383.16000000,30.11751000
1604469858136,383.15000000,117.53662000,383.16000000,30.11751000
1604469859207,383.16000000,32.70633000,383.17000000,35.33544000
1604469860141,383.15000000,8.00000000,383.16000000,5.00000000
1604469861185,383.15000000,10.58991000,383.16000000,4.96949000
1604469862194,383.14000000,5.00000000,383.15000000,0.00167000
1604469863201,383.12000000,18.95256000,383.13000000,39.86253000
1604469864212,383.12000000,49.74965000,383.13000000,30.00000000
1604469865221,383.12000000,3.28660000,383.13000000,45.00000000
1604469866219,383.04000000,91.00000000,383.05000000,30.00000000
1604469867189,383.04000000,86.00000000,383.05000000,35.00000000
1604469868214,383.10000000,87.46926000,383.11000000,35.23580000
1604469869210,383.10000000,53.96225000,383.11000000,34.96950000
1604469870217,383.11000000,52.70732000,383.12000000,5.00000000
1604469871206,383.12000000,201.58218000,383.13000000,6.00000000
1604469872181,383.12000000,198.41096000,383.13000000,6.00000000
1604469873216,383.12000000,193.77166000,383.13000000,6.00000000
1604469874221,383.12000000,194.96049000,383.13000000,6.00000000
1604469875226,383.12000000,154.18212000,383.13000000,36.00000000
1604469876193,383.12000000,64.74439000,383.13000000,36.00000000
1604469877212,383.16000000,19.19039000,383.17000000,0.33544000
1604469878217,383.16000000,162.36669000,383.17000000,0.33544000
1604469879202,383.19000000,19.08855000,383.20000000,35.78310000
1604469880227,383.20000000,0.27596000,383.24000000,5.00000000
1604469881208,383.17000000,10.66943000,383.18000000,42.05355000
1604469882229,383.17000000,0.03908000,383.18000000,94.80023000
1604469883230,383.01000000,8.36186000,383.03000000,0.32100000
1604469884227,383.01000000,89.81359000,383.02000000,10.00000000
1604469885227,382.96000000,0.25428000,382.97000000,85.66107000
1604469886228,382.89000000,2.32525000,382.90000000,68.41055000
1604469887212,382.89000000,2.32525000,382.90000000,71.20771000
1604469888222,382.89000000,2.32525000,382.90000000,71.20771000
1604469889183,382.89000000,2.32525000,382.90000000,72.66276000
1604469890219,382.90000000,6.36579000,382.91000000,10.00000000
1604469891224,382.96000000,138.65014000,382.97000000,0.12833000
1604469892232,382.98000000,1.95817000,382.99000000,5.00000000
1604469893222,382.96000000,0.78324000,382.99000000,42.96502000
1604469894233,382.97000000,30.00000000,382.99000000,5.00000000
1604469895225,382.96000000,0.78324000,382.99000000,10.77388000
1604469896232,382.96000000,3.03334000,382.99000000,49.43830000
1604469897231,382.95000000,121.32806000,382.99000000,40.66271000
1604469898234,382.93000000,33.47252000,382.94000000,49.81976000
1604469899186,382.95000000,5.00000000,382.96000000,51.75502000
1604469900229,383.03000000,115.92949000,383.04000000,22.03125000
1604469901224,383.07000000,43.19999000,383.09000000,12.43259000
1604469902221,383.06000000,5.00000000,383.07000000,7.43264000
1604469903205,383.09000000,102.47415000,383.10000000,0.22658000
1604469904213,383.07000000,53.46961000,383.12000000,35.00000000
1604469905237,383.11000000,17.99804000,383.12000000,30.00000000
1604469906225,383.13000000,0.54100000,383.14000000,33.04239000
1604469907233,383.10000000,10.07830000,383.11000000,30.00000000
1604469908225,383.10000000,0.07830000,383.12000000,39.97079000
1604469909227,383.10000000,0.07830000,383.11000000,44.02912000
1604469910217,383.10000000,15.07830000,383.11000000,37.43353000
1604469911204,383.09000000,10.00000000,383.10000000,0.54043000
1604469912231,383.09000000,68.85000000,383.10000000,0.54043000
1604469913153,383.09000000,18.00000000,383.10000000,0.54043000
1604469914241,383.11000000,58.20122000,383.12000000,0.00001000
1604469915223,383.12000000,24.18522000,383.13000000,30.00000000
1604469916154,383.13000000,5.00000000,383.14000000,49.92731000
1604469917239,383.16000000,12.99727000,383.17000000,35.00000000
1604469918150,383.14000000,2.22651000,383.15000000,32.00000000
1604469919201,383.12000000,20.18671000,383.15000000,37.31486000
1604469920230,383.13000000,5.89921000,383.14000000,13.56051000
1604469921245,383.13000000,5.89930000,383.14000000,48.49631000
1604469922243,383.13000000,2.99044000,383.14000000,40.28488000
1604469923228,383.13000000,143.28942000,383.14000000,0.78334000
1604469924213,383.13000000,68.39385000,383.14000000,5.78334000
1604469925104,383.13000000,0.10443000,383.14000000,40.31503000
1604469926078,383.13000000,0.10443000,383.14000000,40.31503000
1604469927231,383.13000000,0.10443000,383.14000000,40.31503000
1604469928246,383.02000000,3.22824000,383.06000000,51.64538000
1604469929244,382.96000000,143.82620000,382.97000000,6.00107000
1604469930204,382.96000000,143.82620000,382.97000000,6.00107000
1604469931232,382.96000000,137.05022000,382.97000000,5.13654000
1604469932228,382.96000000,176.55022000,382.97000000,5.13654000
1604469933223,382.96000000,15.05022000,382.97000000,5.13654000
1604469934214,382.96000000,5.25520000,382.97000000,5.13654000
1604469935221,382.96000000,15.30596000,382.97000000,5.88877000
1604469936134,382.94000000,0.27587000,382.95000000,17.74312000
1604469937247,382.89000000,2.32525000,382.90000000,118.50555000
1604469938221,382.89000000,2.32525000,382.90000000,101.36108000
1604469939240,382.89000000,2.32525000,382.90000000,145.69146000
1604469940130,382.89000000,0.00025000,382.90000000,145.69146000
1604469941238,382.89000000,0.00025000,382.90000000,152.16981000
1604469942240,382.85000000,1.29541000,382.86000000,24.12594000
1604469943239,382.90000000,2.89459000,382.94000000,5.94048000
1604469944219,382.90000000,2.89459000,382.91000000,20.49149000
1604469945223,382.87000000,139.57048000,382.88000000,5.00000000
1604469946251,382.88000000,99.89459000,382.89000000,3.32269000
1604469947238,382.98000000,10.00491000,382.99000000,52.45527000
1604469948219,382.98000000,10.00491000,382.99000000,5.78336000
1604469949234,382.98000000,9.50541000,382.99000000,5.78336000
1604469950214,383.00000000,180.20868000,383.01000000,8.08801000
1604469951252,383.00000000,210.20868000,383.01000000,58.62842000
1604469952249,383.00000000,180.20868000,383.01000000,8.08801000
1604469953236,383.00000000,151.12798000,383.01000000,69.98084000
1604469954250,383.00000000,143.70774000,383.01000000,66.04697000
1604469955250,383.00000000,143.77204000,383.01000000,66.04697000
1604469956197,383.00000000,143.77204000,383.01000000,78.63264000
1604469957254,383.00000000,173.77204000,383.01000000,8.08801000
1604469958203,383.00000000,116.49653000,383.01000000,77.26009000
1604469959254,383.03000000,0.06439000,383.04000000,11.23527000
1604469960251,383.02000000,40.00000000,383.03000000,5.00000000
1604469961244,383.06000000,111.62964000,383.07000000,0.21337000
1604469962239,383.11000000,10.00000000,383.12000000,30.98590000
1604469963250,383.11000000,0.03317000,383.12000000,30.98590000
1604469964253,383.00000000,114.98159000,383.01000000,130.59303000
1604469965255,383.00000000,114.98159000,383.01000000,144.24320000
1604469966230,383.00000000,114.98159000,383.01000000,142.41288000
1604469967248,383.00000000,114.75022000,383.01000000,72.41288000
1604469968150,383.00000000,114.75022000,383.01000000,72.41288000
1604469969221,383.00000000,114.75022000,383.01000000,72.41288000
1604469970111,383.00000000,113.48575000,383.01000000,88.91288000
1604469971217,383.00000000,92.24375000,383.01000000,73.37318000
1604469972252,383.00000000,80.62701000,383.01000000,5.00000000
1604469973252,383.01000000,0.02992000,383.03000000,34.05600000
1604469974227,383.00000000,80.72870000,383.01000000,5.00000000
1604469975225,383.00000000,80.62175000,383.02000000,15.40480000
1604469976257,383.02000000,0.02982000,383.03000000,33.87651000
1604469977252,383.00000000,80.18640000,383.02000000,45.04999000
1604469978244,383.00000000,85.18640000,383.01000000,10.35340000
1604469979208,383.00000000,80.18640000,383.01000000,26.45880000
1604469980224,383.00000000,85.18640000,383.01000000,21.42994000
1604469981152,383.00000000,80.18640000,383.01000000,74.12994000
1604469982248,383.00000000,85.18640000,383.01000000,21.42994000
1604469983244,383.00000000,95.27568000,383.01000000,5.81100000
1604469984255,383.00000000,95.31527000,383.01000000,5.63040000
1604469985230,383.00000000,90.22599000,383.01000000,20.59629000
1604469986237,383.00000000,86.17464000,383.01000000,5.63040000
1604469987235,383.00000000,86.17445000,383.01000000,5.00000000
1604469988113,383.00000000,81.08531000,383.01000000,11.04770000
1604469989237,383.00000000,81.08531000,383.01000000,20.98465000
1604469990250,383.00000000,80.22599000,383.01000000,67.59980000
1604469991248,383.00000000,80.22599000,383.01000000,31.59980000
1604469992238,383.00000000,83.97499000,383.01000000,31.59980000
1604469993239,383.01000000,5.00000000,383.02000000,0.66181000
1604469994248,383.00000000,56.76447000,383.01000000,40.21678000
1604469995125,383.00000000,56.76447000,383.01000000,78.45738000
1604469996212,383.00000000,56.76447000,383.01000000,38.53721000
1604469997258,383.00000000,58.79587000,383.01000000,66.95702000
1604469998183,383.00000000,58.79587000,383.01000000,59.42710000
1604469999247,383.00000000,58.79587000,383.01000000,9.06820000
1604470000267,383.00000000,53.45950000,383.01000000,72.14149000
1604470001263,383.00000000,53.45950000,383.01000000,29.39150000
1604470002231,383.00000000,58.54868000,383.01000000,0.03840000
1604470003265,383.00000000,68.54868000,383.01000000,0.03840000
1604470004241,383.00000000,68.56241000,383.01000000,0.03840000
1604470005243,383.00000000,68.17404000,383.01000000,0.00965000
1604470006111,383.00000000,52.92710000,383.01000000,0.00965000
1604470007272,383.08000000,86.23108000,383.09000000,3.00312000
1604470008272,383.02000000,8.67208000,383.06000000,5.00000000
1604470009271,383.06000000,1.32445000,383.08000000,10.00000000
1604470010266,383.06000000,10.63653000,383.07000000,5.00000000
1604470011271,383.07000000,5.00000000,383.08000000,61.50000000
1604470012253,383.05000000,5.00000000,383.09000000,7.86105000
1604470013259,383.00000000,38.12338000,383.01000000,30.61788000
1604470014266,383.00000000,37.99813000,383.01000000,25.61788000
1604470015033,383.00000000,37.99813000,383.01000000,25.61788000
1604470016175,383.00000000,39.32123000,383.01000000,33.87018000
1604470017042,383.00000000,39.32123000,383.01000000,41.87017000
1604470018270,383.00000000,39.32123000,383.01000000,33.87018000
1604470019223,383.00000000,39.77814000,383.01000000,33.87018000
1604470020244,383.00000000,39.77814000,383.01000000,33.87018000
1604470021260,383.00000000,39.77814000,383.01000000,33.83956000
1604470022210,383.00000000,39.77814000,383.01000000,13.83956000
1604470023114,383.00000000,43.45504000,383.01000000,33.78667000
1604470024222,383.03000000,10.00000000,383.04000000,0.00014000
1604470025269,383.02000000,39.06793000,383.06000000,1.94408000
1604470026258,383.07000000,5.00000000,383.08000000,32.73926000
1604470027276,383.01000000,10.00000000,383.02000000,5.00000000
1604470028275,383.04000000,0.19070000,383.05000000,46.86505000
1604470029250,383.04000000,10.19070000,383.05000000,18.71323000
1604470030194,383.04000000,0.19070000,383.05000000,26.63152000
1604470031255,383.04000000,15.19070000,383.05000000,5.72760000
1604470032251,383.04000000,15.19070000,383.05000000,5.61860000
1604470033249,383.04000000,15.19070000,383.05000000,5.53690000
1604470034210,383.04000000,5.28323000,383.05000000,5.45520000
1604470035258,383.04000000,54.30239000,383.05000000,5.37350000
1604470036260,383.04000000,15.11562000,383.05000000,5.28949000
1604470037259,383.04000000,15.11562000,383.05000000,5.28949000
1604470038276,383.07000000,137.50000000,383.08000000,0.19417000
1604470039254,383.09000000,80.50000000,383.11000000,6.00000000
1604470040276,383.08000000,5.00000000,383.11000000,41.75680000
1604470041264,383.05000000,5.00000000,383.06000000,27.20762000
1604470042240,383.05000000,5.00000000,383.06000000,18.72836000
1604470043283,383.05000000,5.00000000,383.09000000,0.15539000
1604470044282,383.05000000,5.00000000,383.06000000,49.55160000
1604470045277,383.05000000,5.00000000,383.06000000,49.43670000
1604470046273,383.05000000,5.00000000,383.06000000,42.54170000
1604470047216,383.09000000,16.30517000,383.10000000,13.86145000
1604470048280,383.09000000,14.28493000,383.11000000,3.93733000
1604470049283,383.09000000,1.30517000,383.10000000,8.23099000
1604470050284,383.04000000,0.02309000,383.05000000,5.00000000
1604470051187,383.04000000,4.93909000,383.08000000,5.00000000
1604470052282,383.04000000,102.50000000,383.05000000,0.23493000
1604470053276,383.05000000,75.27900000,383.06000000,10.82699000
1604470054278,383.05000000,90.94200000,383.06000000,5.82699000
1604470055280,383.05000000,122.21700000,383.06000000,10.82699000
1604470056278,383.05000000,167.22924000,383.06000000,5.82699000
1604470057273,383.05000000,167.22924000,383.06000000,2.20101000
1604470058285,383.05000000,170.21435000,383.06000000,2.20101000
1604470059249,383.05000000,170.21435000,383.06000000,1.17238000
1604470060254,383.05000000,79.27069000,383.06000000,1.17238000
1604470061231,383.05000000,79.27069000,383.06000000,1.13932000
1604470062285,383.05000000,84.04300000,383.06000000,1.13932000
1604470063285,383.08000000,104.78688000,383.09000000,0.06983000
1604470064220,383.08000000,103.44348000,383.09000000,0.06983000
1604470065232,383.08000000,25.93845000,383.13000000,2.96143000
1604470066246,383.11000000,29.00000000,383.12000000,5.00000000
1604470067247,383.09000000,91.30276000,383.10000000,5.00000000
1604470068283,383.09000000,91.30276000,383.10000000,5.00000000
1604470069285,383.08000000,43.81615000,383.09000000,5.00000000
1604470070288,383.08000000,43.81615000,383.09000000,5.00000000
1604470071203,383.08000000,43.81615000,383.09000000,5.00000000
1604470072282,383.09000000,57.76840000,383.10000000,5.00000000
1604470073287,383.10000000,92.50000000,383.11000000,1.09776000
1604470073977,383.10000000,92.50000000,383.11000000,1.09776000
1604470075268,383.10000000,47.29137000,383.11000000,6.06886000
1604470076285,383.11000000,43.90076000,383.13000000,60.57136000
1604470077290,383.21000000,57.56116000,383.22000000,3.00000000
1604470078289,383.23000000,0.32100000,383.24000000,19.13866000
1604470079290,383.24000000,34.68090000,383.25000000,1.14873000
1604470080272,383.27000000,75.14228000,383.28000000,0.00030000
1604470081206,383.27000000,75.14228000,383.28000000,0.00030000
1604470082290,383.27000000,29.09505000,383.28000000,0.00030000
1604470083286,383.29000000,64.90417000,383.30000000,0.11945000
1604470084289,383.30000000,3.29704000,383.37000000,7.71967000
1604470085290,383.30000000,2.03232000,383.37000000,6.19211000
1604470086290,383.32000000,2.03232000,383.34000000,1.29623000
1604470087287,383.27000000,42.29797000,383.32000000,7.31304000
1604470088229,383.27000000,91.62800000,383.28000000,5.00000000
1604470089289,383.42000000,15.00000000,383.43000000,1.57564000
1604470090282,383.38000000,10.00000000,383.39000000,5.00000000
1604470091286,383.41000000,65.69599000,383.42000000,0.23127000
1604470092290,383.40000000,2.95065000,383.45000000,7.49520000
1604470093291,383.44000000,5.00000000,383.45000000,0.38429000
1604470094288,383.47000000,10.00000000,383.48000000,0.06375000
1604470095277,383.47000000,10.00000000,383.48000000,5.06375000
1604470096177,383.47000000,9.88249000,383.48000000,5.06375000
1604470097271,383.43000000,11.79934000,383.44000000,5.00000000
1604470098175,383.43000000,1.75309000,383.44000000,5.00000000
1604470099245,383.42000000,10.00000000,383.43000000,5.00000000
1604470100286,383.40000000,3.69207000,383.45000000,5.00000000
1604470101252,383.44000000,2.12136000,383.45000000,5.00000000
1604470102288,383.44000000,2.12136000,383.45000000,4.96547000
1604470103288,383.44000000,2.20690000,383.45000000,4.96547000
1604470104174,383.47000000,10.00000000,383.48000000,5.06375000
1604470105289,383.47000000,10.00000000,383.48000000,5.06375000
1604470106297,383.44000000,0.36894000,383.46000000,89.35088000
1604470107297,383.55000000,46.45054000,383.56000000,0.38445000
1604470108286,383.55000000,1.13062000,383.56000000,5.35359000
1604470109291,383.53000000,49.55687000,383.58000000,40.10673000
1604470110297,383.50000000,86.52869000,383.51000000,27.00582000
1604470111286,383.47000000,33.01771000,383.52000000,10.05800000
1604470112284,383.52000000,99.04877000,383.53000000,0.00029000
1604470113283,383.53000000,10.00258000,383.57000000,11.25762000
1604470114288,383.53000000,5.00000000,383.54000000,24.50000000
1604470115295,383.48000000,15.19060000,383.56000000,26.30146000
1604470116294,383.50000000,0.33000000,383.53000000,23.00000000
1604470117298,383.53000000,5.00000000,383.56000000,0.54238000
1604470118298,383.56000000,5.00000000,383.57000000,8.41377000
1604470119287,383.55000000,5.00000000,383.56000000,36.50000000
1604470120295,383.54000000,10.00000000,383.55000000,4.70904000
1604470121292,383.56000000,10.00000000,383.57000000,5.28949000
1604470122140,383.56000000,9.60105000,383.57000000,5.28949000
1604470123291,383.57000000,132.90111000,383.58000000,0.05674000
1604470124275,383.57000000,10.40111000,383.58000000,0.02581000
1604470125287,383.62000000,13.63526000,383.63000000,3.00000000
1604470126245,383.58000000,0.20330000,383.62000000,5.19716000
1604470127301,383.61000000,35.00000000,383.62000000,1.10388000
1604470128284,383.61000000,38.91125000,383.62000000,1.10388000
1604470129199,383.61000000,5.43107000,383.62000000,21.10388000
1604470130271,383.61000000,35.43091000,383.62000000,1.10388000
1604470131290,383.61000000,63.00000000,383.62000000,1.32126000
1604470132286,383.66000000,4.89700000,383.67000000,92.26357000
1604470133279,383.65000000,7.99999000,383.66000000,78.00000000
1604470134276,383.63000000,6.00000000,383.66000000,102.64176000
1604470135290,383.66000000,30.00000000,383.67000000,8.00000000
1604470136299,383.66000000,35.00000000,383.67000000,8.00000000
1604470137261,383.66000000,35.00000000,383.67000000,3.00000000
1604470138250,383.66000000,35.00000000,383.67000000,3.00000000
1604470139292,383.66000000,92.05185000,383.67000000,2.95013000
1604470140272,383.66000000,100.30946000,383.67000000,2.95013000
1604470141288,383.66000000,100.30946000,383.67000000,0.00002000
1604470142305,383.67000000,89.08082000,383.83000000,5.10338000
1604470143303,383.85000000,21.44193000,383.86000000,35.77606000
1604470144304,383.85000000,14.25759000,383.86000000,5.08926000
1604470145265,383.86000000,0.74900000,383.87000000,41.43198000
1604470146290,383.86000000,5.74900000,383.87000000,66.43198000
1604470147292,383.86000000,35.00000000,383.87000000,31.32392000
1604470148271,383.86000000,34.50000000,383.87000000,31.32392000
1604470149283,383.86000000,34.50000000,383.87000000,36.55405000
1604470150307,383.96000000,60.38423000,384.00000000,8.32578000
1604470151296,383.99000000,127.66505000,384.00000000,7.09905000
1604470152303,383.99000000,94.66889000,384.00000000,12.25053000
1604470153285,383.99000000,49.99999000,384.00000000,11.82792000
1604470154296,383.99000000,49.99999000,384.00000000,16.45700000
1604470155262,384.01000000,123.52781000,384.02000000,5.76188000
1604470156308,383.88000000,107.24217000,383.89000000,5.48189000
1604470157207,383.88000000,49.28214000,383.89000000,0.11973000
1604470158304,383.88000000,14.28214000,383.89000000,45.91923000
1604470159245,383.88000000,19.28214000,383.89000000,47.10694000
1604470160274,383.90000000,6.62670000,383.91000000,30.00000000
1604470161297,383.90000000,5.00000000,383.91000000,40.00000000
1604470162307,383.86000000,5.00000000,383.87000000,42.51657000
1604470163308,383.94000000,5.00000000,383.95000000,9.76921000
1604470164306,384.01000000,36.11327000,384.04000000,3.23404000
1604470165283,384.02000000,5.10700000,384.03000000,41.00182000
1604470166310,384.05000000,92.50000000,384.06000000,36.16575000
1604470167290,384.03000000,0.88821000,384.04000000,15.00000000
1604470168307,384.03000000,0.88821000,384.04000000,121.81600000
1604470169294,384.02000000,35.00000000,384.03000000,68.50000000
1604470170303,384.02000000,40.96019000,384.03000000,69.28095000
1604470171310,384.02000000,156.66135000,384.03000000,0.78095000
1604470172287,384.15000000,118.60754000,384.16000000,30.00000000
1604470173286,384.00000000,30.30000000,384.01000000,56.52168000
1604470174314,384.00000000,30.00000000,384.01000000,23.17989000
1604470175254,384.00000000,60.95560000,384.01000000,0.17990000
1604470176303,384.00000000,103.23931000,384.01000000,0.17990000
1604470177311,384.00000000,153.28962000,384.01000000,0.17990000
1604470178311,384.00000000,153.28962000,384.01000000,0.17990000
1604470179265,384.00000000,61.24534000,384.01000000,0.17990000
1604470180306,384.00000000,109.61296000,384.01000000,0.15036000
1604470181294,384.00000000,61.46342000,384.01000000,0.15036000
1604470182263,384.00000000,119.69959000,384.01000000,0.15036000
1604470183298,384.00000000,42.24464000,384.01000000,0.15036000
1604470184233,384.00000000,62.39522000,384.01000000,0.15036000
1604470185307,383.99000000,31.30180000,384.00000000,37.83014000
1604470186300,383.99000000,123.80180000,384.00000000,32.71021000
1604470187319,383.99000000,134.00643000,384.00000000,32.18938000
1604470188286,383.99000000,124.00643000,384.00000000,32.15961000
1604470189322,384.13000000,102.50000000,384.14000000,30.00000000
1604470190307,384.13000000,100.11128000,384.14000000,35.78120000
1604470191309,384.17000000,102.70291000,384.18000000,35.00000000
1604470192307,384.13000000,0.38859000,384.14000000,5.00000000
1604470193296,384.13000000,0.19085000,384.14000000,42.49133000
1604470194300,384.13000000,0.19085000,384.14000000,62.49133000
1604470195294,384.13000000,0.00085000,384.14000000,62.49133000
1604470196299,384.13000000,0.00085000,384.14000000,57.46257000
1604470197290,384.06000000,30.40866000,384.07000000,20.00000000
1604470198323,384.06000000,30.93283000,384.07000000,20.00000000
1604470199286,384.06000000,30.93283000,384.07000000,20.00000000
1604470200326,384.08000000,177.34431000,384.09000000,3.41067000
1604470201279,384.09000000,7.17659000,384.11000000,30.00000000
1604470202320,384.10000000,5.00000000,384.11000000,30.00000000
1604470203326,383.95000000,3.00000000,384.02000000,5.00000000
1604470204325,384.06000000,30.00000000,384.07000000,17.91201000
1604470205314,384.06000000,33.12575000,384.08000000,8.68363000
1604470206278,384.07000000,10.51914000,384.08000000,5.24296000
1604470207252,384.07000000,40.51952000,384.09000000,5.00000000
1604470208270,384.09000000,40.51909000,384.10000000,5.00000000
1604470209325,384.07000000,30.00000000,384.08000000,102.77200000
1604470210328,384.07000000,35.00000000,384.08000000,97.38614000
1604470211328,384.14000000,5.79400000,384.15000000,10.00000000
1604470212266,384.14000000,5.79400000,384.15000000,39.54917000
1604470213285,384.11000000,0.23755000,384.12000000,126.50000000
1604470214277,384.09000000,0.06082000,384.10000000,36.95548000
1604470215321,384.12000000,55.44738000,384.13000000,3.41067000
1604470216328,384.12000000,25.89674000,384.13000000,10.11751000
1604470217272,384.12000000,0.57768000,384.13000000,135.85458000
1604470218155,384.12000000,5.57768000,384.13000000,35.07316000
1604470219328,384.12000000,5.57768000,384.13000000,35.04233000
1604470220302,384.12000000,33.97486000,384.13000000,30.08668000
1604470221325,384.12000000,0.32310000,384.13000000,40.04217000
1604470222226,384.12000000,0.32310000,384.13000000,39.99037000
1604470223333,384.12000000,5.32310000,384.13000000,35.62381000
1604470224316,384.12000000,5.32310000,384.13000000,28.59501000
1604470225290,384.12000000,5.27100000,384.13000000,34.32244000
1604470226338,384.22000000,69.50000000,384.25000000,0.30000000
1604470227338,384.22000000,25.08597000,384.23000000,3.41067000
1604470228336,384.24000000,5.00000000,384.25000000,30.30000000
1604470229318,384.24000000,41.50510000,384.25000000,0.30000000
1604470230338,384.27000000,211.54623000,384.28000000,0.08900000
1604470231329,384.30000000,5.00000000,384.31000000,30.52183000
1604470232334,384.30000000,24.94790000,384.31000000,27.47183000
1604470233301,384.31000000,31.24129000,384.32000000,30.14938000
1604470234340,384.31000000,73.18232000,384.32000000,0.02596000
1604470235332,384.38000000,34.72669000,384.39000000,29.97029000
1604470236341,384.63000000,64.06471000,384.72000000,50.33445000
1604470237341,384.52000000,0.26931000,384.57000000,40.96523000
1604470238336,384.54000000,5.00000000,384.56000000,0.38444000
1604470239310,384.58000000,30.00000000,384.60000000,1.00000000
1604470240335,384.56000000,0.28024000,384.57000000,4.85001000
1604470241333,384.50000000,39.03337000,384.51000000,4.82100000
1604470242338,384.53000000,54.54041000,384.54000000,0.38445000
1604470243342,384.56000000,34.42731000,384.57000000,3.57674000
1604470244333,384.59000000,4.57040000,384.62000000,0.38445000
1604470245332,384.63000000,62.84471000,384.64000000,1.29835000
1604470246344,384.72000000,24.91632000,384.73000000,0.41817000
1604470247333,384.75000000,62.68683000,384.76000000,0.28050000
1604470248339,384.75000000,27.95547000,384.76000000,0.28050000
1604470249345,384.75000000,59.51293000,384.76000000,0.00050000
1604470250344,384.75000000,4.94498000,384.76000000,15.88542000
1604470251321,384.72000000,5.00000000,384.73000000,2.10607000
1604470252341,384.74000000,4.94300000,384.75000000,0.08344000
1604470253347,384.72000000,3.90000000,384.73000000,47.84100000
1604470254334,384.72000000,2.49713000,384.73000000,30.95766000
1604470255347,384.62000000,49.73007000,384.66000000,3.41067000
1604470256325,384.45000000,44.96867000,384.46000000,6.06324000
1604470257341,384.45000000,41.21484000,384.46000000,2.05495000
1604470258342,384.45000000,40.98336000,384.46000000,0.00095000
1604470259343,384.45000000,45.98336000,384.48000000,55.59458000
1604470260348,384.42000000,0.13727000,384.43000000,43.66642000
1604470261341,384.39000000,3.25343000,384.40000000,85.46762000
1604470262338,384.37000000,40.53668000,384.38000000,8.75569000
1604470263347,384.37000000,40.53668000,384.38000000,0.00061000
1604470264329,384.38000000,10.48215000,384.39000000,3.41067000
1604470265326,384.38000000,40.48320000,384.39000000,3.47278000
1604470266320,384.38000000,127.50000000,384.39000000,3.47278000
1604470267312,384.38000000,35.00000000,384.39000000,3.57630000
1604470268317,384.38000000,40.07898000,384.39000000,3.54514000
1604470269178,384.38000000,40.12165000,384.39000000,0.16563000
1604470270346,384.54000000,7.99999000,384.55000000,40.61780000
1604470271333,384.54000000,6.29799000,384.55000000,40.31734000
1604470272349,384.54000000,6.29799000,384.55000000,5.00000000
1604470273344,384.54000000,6.47430000,384.55000000,5.21696000
1604470274305,384.54000000,35.14754000,384.55000000,5.00000000
1604470275334,384.51000000,5.00000000,384.52000000,0.10420000
1604470276334,384.52000000,5.00000000,384.53000000,21.45700000
1604470277307,384.53000000,57.73089000,384.54000000,0.70500000
1604470278336,384.52000000,9.64788000,384.53000000,11.34200000
1604470279311,384.52000000,1.15812000,384.53000000,12.01165000
1604470280329,384.53000000,5.52727000,384.54000000,30.70500000
1604470281351,384.53000000,113.02727000,384.54000000,0.70500000
1604470282351,384.49000000,5.00000000,384.50000000,5.00000000
1604470283336,384.53000000,64.00000000,384.54000000,39.17537000
1604470284321,384.53000000,88.52756000,384.54000000,33.41067000
1604470285353,384.50000000,23.13991000,384.55000000,45.33558000
1604470286330,384.46000000,35.17544000,384.47000000,5.55271000
1604470287348,384.49000000,102.50000000,384.50000000,0.11011000
1604470288299,384.51000000,52.00000000,384.52000000,4.77721000
1604470289330,384.50000000,120.59112000,384.51000000,8.97881000
1604470290348,384.50000000,100.89112000,384.51000000,8.87881000
1604470291358,384.47000000,3.70557000,384.52000000,40.00000000
1604470292299,384.48000000,127.50000000,384.49000000,10.00000000
1604470293358,384.50000000,126.72305000,384.51000000,20.05457000
1604470294328,384.40000000,35.00000000,384.41000000,8.40264000
1604470295200,384.40000000,35.00000000,384.41000000,8.40264000
1604470296358,384.45000000,102.88444000,384.46000000,14.75267000
1604470297353,384.63000000,31.13039000,384.64000000,5.00000000
1604470298312,384.63000000,31.23039000,384.64000000,64.40608000
1604470299341,384.64000000,22.35400000,384.65000000,35.00000000
1604470300352,384.69000000,93.73039000,384.70000000,3.41067000
1604470301354,384.70000000,20.00000000,384.71000000,40.02832000
1604470302296,384.65000000,5.00000000,384.67000000,5.09054000
1604470303303,384.65000000,5.10690000,384.66000000,5.00000000
1604470304357,384.65000000,0.10690000,384.66000000,48.14051000
1604470305349,384.68000000,156.40553000,384.69000000,0.15725000
1604470306361,384.72000000,0.00097000,384.73000000,35.69959000
1604470307352,384.65000000,0.10690000,384.69000000,125.82296000
1604470308358,384.65000000,0.10690000,384.66000000,85.04901000
1604470309355,384.58000000,5.29349000,384.59000000,4.52948000
1604470310319,384.59000000,5.00000000,384.60000000,3.41067000
1604470311299,384.59000000,5.00000000,384.62000000,10.70000000
1604470312346,384.58000000,5.00000000,384.59000000,33.41067000
1604470313360,384.55000000,5.25187000,384.56000000,60.42244000
1604470314357,384.52000000,43.77399000,384.53000000,83.50000000
1604470315355,384.58000000,5.00000000,384.59000000,0.14576000
1604470316323,384.59000000,5.00000000,384.60000000,4.55750000
1604470317355,384.66000000,95.75508000,384.73000000,33.02883000
1604470318361,384.68000000,5.00000000,384.69000000,0.60500000
1604470319337,384.72000000,5.00000000,384.73000000,30.29794000
1604470320354,384.68000000,0.17144000,384.72000000,3.01918000
1604470321273,384.65000000,4.94175000,384.71000000,3.41067000
1604470322360,384.68000000,5.00000000,384.69000000,30.00000000
1604470323362,384.68000000,0.00048000,384.69000000,35.00000000
1604470324352,384.65000000,3.67124000,384.66000000,35.70452000
1604470325347,384.65000000,8.74923000,384.66000000,35.20245000
1604470326357,384.67000000,18.55066000,384.68000000,2.15600000
1604470327340,384.63000000,7.86153000,384.67000000,2.48860000
1604470328333,384.66000000,5.00000000,384.67000000,2.28222000
1604470329364,384.63000000,2.86153000,384.66000000,0.35777000
1604470330368,384.66000000,5.00000000,384.67000000,2.12446000
1604470331338,384.66000000,5.00000000,384.67000000,2.12446000
1604470332359,384.66000000,9.10513000,384.67000000,2.09485000
1604470333369,384.63000000,3.06731000,384.64000000,50.50000000
1604470334212,384.63000000,2.90418000,384.64000000,51.28942000
1604470335352,384.63000000,2.71167000,384.64000000,54.47836000
1604470336370,384.60000000,0.05208000,384.61000000,93.47165000
1604470337359,384.57000000,5.00000000,384.58000000,0.65722000
1604470338336,384.57000000,4.87033000,384.58000000,0.38414000
1604470339329,384.56000000,8.07167000,384.59000000,3.41067000
1604470340343,384.55000000,8.07167000,384.58000000,3.37195000
1604470341372,384.37000000,30.00000000,384.48000000,0.38444000
1604470342360,384.41000000,23.45061000,384.42000000,20.70000000
1604470343364,384.41000000,25.98605000,384.42000000,15.70000000
1604470344349,384.41000000,25.81651000,384.42000000,5.00000000
1604470345356,384.41000000,22.14067000,384.42000000,72.76794000
1604470346353,384.41000000,22.14067000,384.42000000,5.00000000
1604470347242,384.41000000,22.14067000,384.42000000,8.26794000
1604470348368,384.41000000,30.00825000,384.42000000,51.43865000
1604470349327,384.41000000,0.00825000,384.42000000,51.43865000
1604470350352,384.41000000,0.00825000,384.42000000,139.73866000
1604470351303,384.41000000,0.00825000,384.42000000,139.73866000
1604470352360,384.35000000,0.00041000,384.36000000,45.11205000
1604470353370,384.28000000,32.97977000,384.29000000,4.90000000
1604470354345,384.29000000,4.67756000,384.30000000,5.00000000
1604470355358,384.30000000,37.31013000,384.31000000,1.30132000
1604470356370,384.30000000,31.68113000,384.31000000,6.30132000
1604470357374,384.41000000,78.08111000,384.46000000,2.60990000
1604470358364,384.45000000,157.66160000,384.46000000,5.22265000
1604470359359,384.47000000,4.73581000,384.48000000,5.00000000
1604470360372,384.44000000,0.30010000,384.45000000,40.00000000
1604470361359,384.44000000,0.00004000,384.45000000,65.22662000
1604470362373,384.43000000,10.00000000,384.44000000,0.38414000
1604470363374,384.44000000,69.44878000,384.45000000,0.02792000
1604470364344,384.45000000,7.48298000,384.46000000,5.00000000
1604470365356,384.45000000,121.79460000,384.46000000,5.00000000
1604470366366,384.46000000,30.00000000,384.47000000,5.00000000
1604470367373,384.43000000,0.53149000,384.44000000,4.00000000
1604470368327,384.43000000,0.00049000,384.44000000,5.30599000
1604470369373,384.43000000,0.00049000,384.44000000,37.27249000
1604470370340,384.43000000,0.00049000,384.44000000,38.57881000
1604470371370,384.43000000,0.00049000,384.44000000,3.97016000
1604470372266,384.43000000,0.00049000,384.44000000,3.97016000
1604470373355,384.39000000,34.55806000,384.40000000,5.00000000
1604470374316,384.39000000,126.26598000,384.40000000,4.23965000
1604470375334,384.39000000,121.89874000,384.40000000,5.00000000
1604470376357,384.39000000,121.89874000,384.40000000,5.00000000
1604470377373,384.39000000,117.00933000,384.40000000,7.98151000
1604470378352,384.39000000,117.00933000,384.40000000,2.98151000
1604470379378,384.39000000,96.89294000,384.40000000,5.00000000
1604470380377,384.38000000,0.07962000,384.39000000,47.00000000
1604470381346,384.38000000,0.07962000,384.39000000,136.90360000
1604470382347,384.38000000,0.07962000,384.40000000,5.00000000
1604470383379,384.47000000,20.00000000,384.53000000,3.06062000
1604470384378,384.56000000,11.68435000,384.57000000,5.00000000
1604470385370,384.56000000,11.42535000,384.57000000,4.94497000
1604470386377,384.56000000,5.00000000,384.57000000,5.00000000
1604470387372,384.55000000,3.41067000,384.60000000,35.12662000
1604470388376,384.55000000,112.00000000,384.56000000,5.00000000
1604470389365,384.58000000,117.02254000,384.59000000,5.00000000
1604470390379,384.60000000,128.19266000,384.61000000,1.30031000
1604470391365,384.62000000,79.50000000,384.63000000,2.78200000
1604470392380,384.62000000,135.50000000,384.63000000,2.78200000
1604470393377,384.64000000,60.20110000,384.65000000,0.00007000
1604470394376,384.71000000,145.75057000,384.76000000,0.06370000
1604470395378,384.74000000,6.00000000,384.75000000,40.96773000
1604470396367,384.74000000,6.00000000,384.75000000,38.89415000
1604470397380,384.74000000,5.88249000,384.75000000,38.89415000
1604470398372,384.74000000,5.74837000,384.75000000,38.89415000
1604470399381,384.74000000,5.88060000,384.75000000,38.89415000
1604470400364,384.74000000,5.88060000,384.75000000,38.86368000
1604470401367,384.74000000,5.72798000,384.75000000,38.86368000
1604470402381,384.74000000,5.37798000,384.75000000,38.86368000
1604470403379,384.74000000,0.13223000,384.75000000,52.99297000
1604470404376,384.74000000,0.13223000,384.75000000,52.99297000
1604470405380,384.62000000,0.30240000,384.63000000,35.00000000
1604470406368,384.62000000,0.30240000,384.63000000,17.28625000
1604470407358,384.62000000,0.30240000,384.63000000,47.28625000
1604470408383,384.62000000,0.00040000,384.63000000,43.34271000
1604470409380,384.59000000,5.00000000,384.64000000,5.00000000
1604470410374,384.59000000,30.12620000,384.60000000,10.00000000
1604470411366,384.54000000,30.29997000,384.55000000,5.00000000
1604470412379,384.52000000,35.01894000,384.54000000,5.01894000
1604470413380,384.52000000,117.21297000,384.53000000,5.00000000
1604470414379,384.53000000,122.00000000,384.54000000,5.00000000
1604470415316,384.53000000,35.01908000,384.54000000,5.00000000
1604470416356,384.53000000,35.79880000,384.54000000,4.96925000
1604470417369,384.53000000,0.77972000,384.54000000,5.01954000
1604470418386,384.50000000,11.02243000,384.51000000,5.00000000
1604470419311,384.50000000,35.01983000,384.51000000,5.00000000
1604470420381,384.52000000,97.01967000,384.53000000,1.30058000
1604470421322,384.52000000,41.01967000,384.53000000,6.30058000
1604470422382,384.46000000,0.28699000,384.47000000,5.00000000
1604470423386,384.48000000,5.00000000,384.49000000,4.96667000
1604470424388,384.50000000,5.52064000,384.53000000,1.30058000
1604470425357,384.50000000,4.73996000,384.51000000,5.00000000
1604470426321,384.50000000,87.79350000,384.51000000,5.00000000
1604470427367,384.51000000,97.00000000,384.52000000,0.05029000
1604470428311,384.51000000,127.00000000,384.52000000,0.05029000
1604470429378,384.51000000,131.79241000,384.52000000,0.05029000
1604470430377,384.50000000,4.79241000,384.51000000,5.00000000
1604470431329,384.47000000,0.24600000,384.48000000,5.00000000
1604470432382,384.42000000,35.22204000,384.50000000,7.44646000
1604470433379,384.42000000,30.27697000,384.48000000,0.28262000
1604470434380,384.42000000,0.27697000,384.43000000,15.06121000
1604470435391,384.42000000,54.42800000,384.43000000,5.01963000
1604470436358,384.45000000,114.07900000,384.46000000,5.00000000
1604470437381,384.45000000,110.18500000,384.46000000,5.00000000
1604470438378,384.45000000,109.42600000,384.46000000,5.00000000
1604470439337,384.42000000,30.00000000,384.43000000,5.00000000
1604470440388,384.40000000,1.40545000,384.43000000,5.00000000
1604470441389,384.34000000,30.36879000,384.35000000,5.00000000
1604470442323,384.34000000,27.56349000,384.35000000,4.60387000
1604470443392,384.37000000,5.00000000,384.38000000,0.21727000
1604470444391,384.37000000,145.60924000,384.38000000,4.67867000
1604470445311,384.37000000,152.71684000,384.38000000,4.67867000
1604470446392,384.49000000,59.27680000,384.50000000,1.31670000
1604470447384,384.49000000,28.60821000,384.50000000,1.28765000
1604470448387,384.46000000,0.55354000,384.47000000,5.00000000
1604470449391,384.45000000,0.19717000,384.46000000,5.00000000
1604470450381,384.40000000,5.00000000,384.42000000,0.14825000
1604470451381,384.40000000,31.38716000,384.41000000,5.00000000
1604470452394,384.42000000,30.00000000,384.43000000,5.00000000
1604470453388,384.40000000,1.58516000,384.41000000,4.94700000
1604470454392,384.60000000,199.57752000,384.61000000,1.57255000
1604470455389,384.65000000,202.06713000,384.66000000,3.00000000
1604470456394,384.67000000,174.28873000,384.68000000,10.00000000
1604470457392,384.70000000,50.03006000,384.71000000,5.00000000
1604470458376,384.70000000,133.21213000,384.71000000,5.00000000
1604470459355,384.70000000,150.44179000,384.71000000,5.00000000
1604470460393,384.81000000,18.07324000,384.82000000,0.20663000
1604470461392,384.78000000,7.37767000,384.79000000,5.00000000
1604470462392,384.78000000,56.76774000,384.79000000,0.27612000
1604470463394,384.80000000,13.69547000,384.87000000,0.10428000
1604470464388,384.83000000,3.81590000,384.84000000,49.49421000
1604470465368,384.83000000,50.43558000,384.84000000,5.00000000
1604470466384,384.86000000,113.58658000,384.87000000,5.77875000
1604470467390,384.86000000,20.74886000,384.87000000,5.77875000
1604470468367,384.88000000,33.38708000,384.89000000,3.11685000
1604470469238,384.88000000,33.34759000,384.89000000,2.33814000
1604470470310,384.88000000,33.34759000,384.89000000,2.30641000
1604470471375,384.88000000,33.34759000,384.89000000,2.30641000
1604470472357,384.88000000,33.34759000,384.89000000,2.27561000
1604470473396,384.89000000,40.00000000,384.90000000,144.76000000
1604470474394,384.89000000,40.00000000,384.90000000,144.76000000
1604470475389,384.89000000,45.55090000,384.90000000,143.64816000
1604470476347,384.89000000,45.55090000,384.90000000,143.64816000
1604470477378,384.89000000,45.55090000,384.90000000,143.58716000
1604470478394,384.89000000,30.00000000,384.90000000,143.58716000
1604470479386,384.89000000,40.00000000,384.90000000,143.58716000
1604470480381,384.89000000,51.76134000,384.90000000,143.55846000
1604470481351,384.89000000,30.00000000,384.90000000,143.55846000
1604470482376,384.89000000,36.64163000,384.90000000,143.55846000
1604470483395,384.98000000,150.34751000,384.99000000,0.24236000
1604470484359,384.99000000,48.87965000,385.00000000,6.85557000
1604470485400,385.01000000,51.50185000,385.02000000,0.13740000
1604470486400,385.01000000,36.77285000,385.02000000,0.13740000
1604470487332,384.92000000,2.22829000,384.94000000,5.00000000
1604470488398,384.95000000,30.00000000,384.98000000,20.00000000
1604470489401,384.95000000,29.97019000,384.99000000,0.04968000
1604470490391,384.93000000,0.18662000,384.96000000,20.00000000
1604470491376,384.94000000,2.45929000,384.96000000,20.04984000
1604470492307,384.95000000,97.00000000,384.96000000,20.00000000
1604470493401,384.89000000,1.57258000,384.90000000,25.07848000
1604470494401,384.89000000,0.98542000,384.90000000,100.50000000
1604470495394,384.81000000,34.28445000,384.82000000,119.26857000
1604470496367,384.81000000,4.28445000,384.82000000,146.54148000
1604470497359,384.81000000,3.17230000,384.82000000,146.51264000
1604470498351,384.81000000,3.10272000,384.82000000,56.07984000
1604470499297,384.81000000,3.10272000,384.82000000,53.81364000
1604470500402,384.84000000,11.29892000,384.85000000,0.17398000
1604470501384,384.88000000,0.20000000,384.89000000,50.94075000
1604470502405,384.88000000,2.47482000,384.89000000,50.00000000
1604470503394,384.91000000,121.25000000,384.92000000,0.23133000
1604470504402,384.92000000,60.17484000,384.95000000,30.00000000
1604470505397,384.91000000,0.21115000,384.92000000,50.00000000
1604470506402,384.90000000,7.51134000,384.92000000,30.00000000
1604470507361,384.90000000,4.69558000,384.92000000,30.00000000
1604470508405,384.89000000,30.00000000,384.92000000,30.00000000
1604470509401,384.94000000,1.89528000,384.97000000,30.00000000
1604470510399,384.93000000,0.70512000,384.94000000,5.00000000
1604470511399,384.93000000,0.70512000,384.96000000,1.33325000
1604470512399,384.90000000,1.49308000,384.91000000,55.00000000
1604470513325,384.90000000,1.38305000,384.91000000,30.00000000
1604470514405,384.90000000,1.38305000,384.91000000,21.33327000
1604470515352,384.88000000,37.47482000,384.89000000,19.94200000
1604470516406,384.91000000,127.00000000,384.94000000,0.28920000
1604470517379,384.92000000,6.81524000,384.93000000,5.00000000
1604470518395,384.90000000,32.23331000,384.92000000,6.33398000
1604470519386,384.90000000,32.28248000,384.92000000,6.30506000
1604470520403,384.89000000,6.70023000,384.91000000,123.33398000
1604470521346,384.89000000,134.95758000,384.95000000,30.11751000
1604470522366,384.90000000,6.56580000,384.92000000,5.00000000
1604470523340,384.89000000,9.02269000,384.90000000,20.23900000
1604470524380,384.86000000,36.38311000,384.90000000,30.00000000
1604470525412,384.89000000,34.67388000,384.90000000,20.00000000
1604470526415,384.90000000,7.09608000,384.91000000,10.00000000
1604470527387,384.85000000,6.41067000,384.88000000,41.14204000
1604470528382,384.87000000,85.00000000,384.88000000,30.00000000
1604470529417,384.87000000,83.87942000,384.90000000,0.07683000
1604470530227,384.88000000,4.24068000,384.89000000,5.00000000
1604470531409,384.89000000,35.00000000,384.90000000,0.85624000
1604470532410,384.87000000,33.41067000,384.90000000,25.07683000
1604470533405,384.84000000,1.29895000,384.87000000,52.32847000
1604470534406,384.86000000,128.74068000,384.87000000,19.97012000
1604470535333,384.86000000,126.87917000,384.87000000,19.97012000
1604470536401,384.89000000,4.60500000,384.90000000,50.07683000
1604470537421,384.87000000,1.30939000,384.90000000,5.07683000
1604470538408,384.88000000,5.00000000,384.89000000,20.00000000
1604470539393,384.88000000,5.00000000,384.89000000,50.00000000
1604470540417,384.88000000,35.00000000,384.89000000,26.14204000
1604470541377,384.89000000,44.24054000,384.90000000,0.07683000
1604470542352,384.89000000,44.24054000,384.90000000,0.04691000
1604470543417,384.89000000,5.00000000,384.90000000,56.18876000
1604470544388,384.87000000,92.65754000,384.88000000,20.00000000
1604470545408,384.87000000,6.37170000,384.88000000,56.14195000
1604470546416,384.89000000,5.00000000,384.90000000,30.04691000
1604470547416,384.89000000,5.00000000,384.90000000,36.18876000
1604470548417,384.89000000,5.00000000,384.90000000,55.73085000
1604470549339,384.89000000,5.00000000,384.90000000,35.78463000
1604470550415,384.87000000,85.67056000,384.88000000,122.00000000
1604470551345,384.87000000,85.67056000,384.88000000,56.92158000
1604470552419,384.87000000,85.67056000,384.88000000,56.92158000
1604470553423,384.87000000,119.91133000,384.88000000,20.77945000
1604470554417,384.87000000,119.91133000,384.88000000,1.29992000
1604470555408,384.87000000,119.91133000,384.88000000,1.29992000
1604470556377,384.87000000,132.81547000,384.88000000,0.77945000
1604470557424,384.87000000,132.81547000,384.88000000,0.77945000
1604470558429,384.89000000,17.90414000,384.90000000,0.05368000
1604470559427,384.89000000,76.36921000,384.90000000,29.86315000
1604470560425,384.91000000,101.16969000,384.92000000,20.33089000
1604470561421,384.91000000,53.19069000,384.92000000,20.67694000
1604470562396,384.93000000,97.16669000,384.94000000,4.68700000
1604470563400,384.92000000,9.24064000,384.94000000,33.00000000
1604470564422,384.89000000,35.00000000,384.90000000,5.00000000
1604470565431,384.87000000,88.35374000,384.88000000,131.68961000
1604470566412,384.88000000,4.18503000,384.91000000,45.37148000
1604470567433,384.88000000,10.00000000,384.92000000,6.27808000
1604470568418,384.91000000,49.25739000,384.92000000,6.00000000
1604470569431,384.96000000,103.44596000,384.97000000,30.38524000
1604470570401,384.96000000,82.39766000,384.97000000,30.38524000
1604470571389,384.96000000,130.10296000,384.97000000,0.38524000
1604470572409,384.96000000,131.73326000,384.97000000,0.38524000
1604470573430,384.96000000,49.33560000,384.97000000,0.35518000
1604470574412,384.96000000,105.00556000,384.97000000,0.35518000
1604470575425,384.96000000,6.63030000,384.97000000,20.35518000
1604470576347,384.94000000,128.70920000,384.95000000,20.00000000
1604470577386,384.96000000,139.63297000,384.97000000,0.35518000
1604470578416,384.96000000,139.48536000,384.97000000,0.35518000
1604470579402,384.96000000,139.40636000,384.97000000,0.35518000
1604470580399,384.96000000,49.08447000,384.97000000,0.12955000
1604470581436,384.97000000,72.54844000,385.06000000,0.38445000
1604470582438,385.02000000,106.17784000,385.03000000,1.31807000
1604470583440,385.02000000,138.58030000,385.03000000,1.31807000
1604470584424,385.02000000,1.63030000,385.03000000,5.00000000
1604470585432,385.02000000,83.52036000,385.03000000,5.00000000
1604470586409,385.02000000,83.52036000,385.03000000,5.00000000
1604470587432,385.02000000,85.97161000,385.03000000,4.38392000
1604470588439,385.03000000,1.57830000,385.04000000,56.98860000
1604470589374,385.03000000,2.38334000,385.04000000,56.95829000
1604470590428,385.03000000,2.33134000,385.04000000,56.53680000
1604470591437,385.02000000,85.23280000,385.03000000,60.00000000
1604470592393,385.02000000,85.23280000,385.03000000,60.00000000
1604470593357,385.02000000,90.23280000,385.03000000,52.70401000
1604470594178,385.02000000,85.23280000,385.03000000,57.70401000
1604470595439,385.02000000,85.23280000,385.03000000,57.73258000
1604470596348,385.02000000,85.23280000,385.03000000,57.73258000
1604470597263,385.02000000,85.23280000,385.03000000,57.45734000
1604470598255,385.02000000,92.36737000,385.03000000,52.73993000
1604470599424,385.02000000,97.33680000,385.03000000,50.44855000
1604470600439,385.02000000,189.90369000,385.03000000,5.03266000
1604470601446,385.02000000,104.50718000,385.03000000,5.03266000
1604470602447,385.02000000,134.29827000,385.03000000,5.03266000
1604470603440,385.02000000,104.29827000,385.03000000,35.03266000
1604470604413,385.02000000,104.29827000,385.03000000,35.03266000
1604470605368,385.02000000,87.19427000,385.03000000,55.76797000
1604470606419,385.02000000,87.19427000,385.03000000,55.67165000
1604470607391,385.02000000,87.19427000,385.03000000,36.23717000
1604470608301,385.02000000,87.09511000,385.03000000,54.26380000
1604470609437,385.02000000,83.56189000,385.03000000,54.26380000
1604470610387,385.02000000,83.50989000,385.03000000,54.32462000
1604470611368,385.02000000,83.50989000,385.03000000,54.32462000
1604470612416,385.02000000,43.79077000,385.03000000,50.90662000
1604470613452,385.02000000,90.41882000,385.03000000,50.90662000
1604470614338,385.02000000,90.41882000,385.03000000,50.82470000
1604470615447,385.02000000,82.44882000,385.03000000,55.82470000
1604470616433,385.02000000,82.44882000,385.03000000,55.82470000
1604470617450,385.02000000,87.44882000,385.03000000,50.82470000
1604470618315,385.02000000,87.44882000,385.03000000,50.88054000
1604470619379,385.02000000,87.44882000,385.03000000,55.88054000
1604470620439,385.02000000,87.53634000,385.03000000,55.88054000
1604470621460,384.99000000,0.17032000,385.01000000,34.23699000
1604470622461,384.90000000,36.10491000,384.91000000,111.64664000
1604470623450,384.90000000,69.07880000,384.91000000,119.78847000
1604470624458,384.83000000,17.18037000,384.84000000,10.00000000
1604470625441,384.83000000,47.18037000,384.84000000,4.00000000
1604470626404,384.83000000,52.18037000,384.84000000,4.00000000
1604470627452,384.83000000,59.91409000,384.84000000,4.00000000
1604470628436,384.85000000,47.03591000,384.86000000,5.00000000
1604470629318,384.85000000,47.03591000,384.86000000,5.00000000
1604470630363,384.85000000,47.03591000,384.86000000,5.00000000
1604470631441,384.85000000,47.03591000,384.86000000,4.96956000
1604470632376,384.85000000,30.00000000,384.86000000,26.31480000
1604470633462,384.82000000,36.80929000,384.83000000,21.24878000
1604470634380,384.81000000,0.97451000,384.82000000,67.55602000
1604470635407,384.81000000,30.27451000,384.82000000,37.62684000
1604470636447,384.81000000,30.27451000,384.82000000,18.93206000
1604470637455,384.81000000,37.89218000,384.82000000,5.07082000
1604470638431,384.81000000,0.15700000,384.82000000,23.76560000
1604470639467,384.81000000,47.73513000,384.82000000,5.04105000
1604470640453,384.81000000,47.73513000,384.82000000,5.04105000
1604470641452,384.81000000,37.73513000,384.82000000,1.62305000
1604470642468,384.85000000,45.83960000,384.86000000,0.34471000
1604470643437,384.85000000,30.00000000,384.86000000,32.82861000
1604470644468,384.85000000,48.12132000,384.86000000,0.17702000
1604470645386,384.85000000,48.12132000,384.86000000,0.17702000
1604470646468,384.83000000,3.72905000,384.86000000,97.32832000
1604470647441,384.83000000,41.46408000,384.85000000,10.36855000
1604470648202,384.83000000,3.72905000,384.84000000,121.15135000
1604470649470,384.83000000,3.72905000,384.84000000,141.15135000
1604470650456,384.83000000,3.72905000,384.84000000,138.12412000
1604470651406,384.83000000,3.72905000,384.84000000,137.90338000
1604470652420,384.83000000,2.43186000,384.84000000,145.62039000
1604470653428,384.83000000,2.38147000,384.84000000,151.31829000
1604470654384,384.83000000,2.26841000,384.84000000,151.31829000
1604470655458,384.83000000,2.26841000,384.84000000,151.28749000
1604470656398,384.83000000,2.26841000,384.84000000,151.28749000
1604470657458,384.73000000,30.00000000,384.76000000,20.00000000
1604470658476,384.72000000,0.06389000,384.73000000,50.00000000
1604470659478,384.70000000,30.77900000,384.71000000,19.94058000
1604470660472,384.70000000,0.60754000,384.71000000,114.44058000
1604470661462,384.70000000,15.60754000,384.71000000,30.00000000
1604470662448,384.70000000,15.60754000,384.71000000,30.00000000
1604470663474,384.68000000,7.32843000,384.71000000,36.07150000
1604470664440,384.70000000,33.90000000,384.71000000,35.74950000
1604470665481,384.65000000,3.41067000,384.66000000,128.21036000
1604470666482,384.62000000,7.26415000,384.63000000,22.11876000
1604470667482,384.61000000,6.79227000,384.62000000,50.03538000
1604470668476,384.58000000,35.16641000,384.59000000,4.29660000
1604470669479,384.60000000,3.30505000,384.62000000,30.00000000
1604470670464,384.60000000,11.08865000,384.61000000,50.03538000
1604470671472,384.57000000,3.70892000,384.58000000,50.03538000
1604470672462,384.57000000,0.06389000,384.58000000,47.75266000
1604470673482,384.57000000,0.06389000,384.58000000,46.92332000
1604470674482,384.55000000,12.88245000,384.58000000,46.92332000
1604470675484,384.55000000,40.98940000,384.56000000,9.03538000
1604470676481,384.64000000,176.76149000,384.65000000,5.00000000
1604470677466,384.69000000,122.79376000,384.70000000,37.07118000
1604470678484,384.82000000,117.90616000,384.83000000,2.62634000
1604470679480,384.83000000,3.99724000,384.94000000,3.90000000
1604470680482,384.83000000,0.24363000,384.86000000,5.00000000
1604470681441,384.82000000,3.90000000,384.83000000,59.28115000
1604470682485,384.82000000,3.95448000,384.83000000,59.28115000
1604470683469,384.82000000,3.95448000,384.83000000,59.28115000
1604470684474,384.82000000,3.95448000,384.83000000,37.71583000
1604470685483,384.83000000,22.28417000,384.84000000,5.00000000
1604470686484,384.60000000,31.42888000,384.66000000,37.69315000
1604470687488,384.59000000,0.17061000,384.61000000,34.57250000
1604470688457,384.60000000,2.71067000,384.61000000,51.32130000
1604470689485,384.54000000,97.21121000,384.55000000,9.53153000
1604470690480,384.57000000,37.71121000,384.58000000,15.00000000
1604470691488,384.54000000,4.83873000,384.55000000,18.20198000
1604470692483,384.54000000,34.83873000,384.55000000,10.48908000
1604470693433,384.54000000,123.86725000,384.55000000,0.48908000
1604470694419,384.54000000,40.80846000,384.55000000,10.12724000
1604470695287,384.54000000,40.39446000,384.55000000,10.12724000
1604470696488,384.54000000,45.80846000,384.55000000,10.12724000
1604470697488,384.49000000,1.05626000,384.50000000,40.25327000
1604470698482,384.46000000,27.06389000,384.47000000,9.87398000
1604470699483,384.44000000,10.37760000,384.45000000,47.37957000
1604470700490,384.36000000,5.46928000,384.37000000,151.70777000
1604470701474,384.32000000,34.72559000,384.35000000,47.44114000
1604470702491,384.51000000,117.00000000,384.52000000,0.38445000
1604470703489,384.51000000,149.80311000,384.52000000,1.13416000
1604470704486,384.51000000,196.20742000,384.52000000,1.13416000
1604470705493,384.51000000,174.79869000,384.52000000,0.77926000
1604470706479,384.53000000,20.32321000,384.54000000,8.02823000
1604470707492,384.54000000,3.41067000,384.55000000,0.33073000
1604470708375,384.53000000,42.61288000,384.54000000,5.00000000
1604470709495,384.53000000,42.61288000,384.55000000,0.33073000
1604470710471,384.54000000,10.77416000,384.55000000,5.00000000
1604470711436,384.54000000,3.41067000,384.55000000,4.96955000
1604470712488,384.54000000,33.41067000,384.57000000,3.02903000
1604470713477,384.57000000,30.00000000,384.59000000,5.33073000
1604470714411,384.57000000,30.00000000,384.59000000,5.33073000
1604470715490,384.56000000,3.41067000,384.57000000,133.19999000
1604470716471,384.55000000,40.86973000,384.57000000,0.16450000
1604470717443,384.57000000,6.96893000,384.60000000,5.00000000
1604470718475,384.57000000,6.96893000,384.60000000,5.00000000
1604470719403,384.57000000,6.96893000,384.59000000,4.96991000
1604470720497,384.65000000,20.00000000,384.67000000,0.17004000
1604470721496,384.67000000,3.41067000,384.69000000,33.42127000
1604470722483,384.64000000,6.80230000,384.66000000,30.00000000
1604470723451,384.66000000,3.41067000,384.70000000,73.02125000
1604470724464,384.66000000,3.41067000,384.69000000,3.42112000
1604470725353,384.66000000,10.14040000,384.69000000,3.42127000
1604470726495,384.64000000,3.41067000,384.67000000,30.00000000
1604470727469,384.61000000,2.79900000,384.62000000,142.96031000
1604470728439,384.60000000,5.00000000,384.61000000,137.93495000
1604470729496,384.62000000,5.00000000,384.63000000,30.33073000
1604470730493,384.63000000,6.46096000,384.68000000,39.71589000
1604470731486,384.65000000,64.42500000,384.66000000,81.61785000
1604470732470,384.65000000,89.00000000,384.68000000,84.46752000
1604470733492,384.70000000,4.63916000,384.71000000,35.12795000
1604470734499,384.69000000,1.40795000,384.71000000,35.12795000
1604470735394,384.69000000,54.55580000,384.70000000,5.00000000
1604470736501,384.69000000,3.41067000,384.70000000,5.00000000
1604470737489,384.69000000,33.41067000,384.70000000,5.00000000
1604470738502,384.66000000,45.00000000,384.67000000,96.67864000
1604470739500,384.66000000,5.03460000,384.67000000,214.64257000
1604470740501,384.66000000,37.03460000,384.67000000,7.76642000
1604470741486,384.67000000,61.14588000,384.68000000,2.69492000
1604470742505,384.67000000,3.46548000,384.69000000,176.71441000
1604470743488,384.67000000,0.00048000,384.68000000,51.46499000
1604470744452,384.67000000,0.00048000,384.68000000,41.46499000
1604470745507,384.66000000,5.44527000,384.68000000,48.46499000
1604470746463,384.67000000,3.92551000,384.69000000,6.46473000
1604470747473,384.67000000,3.92551000,384.70000000,30.00000000
1604470748463,384.67000000,3.92551000,384.70000000,29.96972000
1604470749461,384.67000000,3.92551000,384.70000000,29.96972000
1604470750460,384.66000000,2.03460000,384.67000000,160.14022000
1604470751504,384.66000000,2.03460000,384.67000000,160.00249000
1604470752427,384.66000000,2.03460000,384.67000000,155.14022000
1604470753488,384.66000000,2.03460000,384.67000000,155.14022000
1604470754337,384.66000000,2.03460000,384.67000000,147.14122000
1604470755324,384.66000000,7.03460000,384.67000000,147.14122000
1604470756505,384.66000000,41.78053000,384.67000000,12.96574000
1604470757458,384.66000000,41.78053000,384.67000000,10.33073000
1604470758478,384.70000000,9.25955000,384.71000000,30.12795000
1604470759510,384.67000000,8.15569000,384.68000000,100.50000000
1604470760506,384.67000000,3.41067000,384.68000000,149.55000000
1604470761506,384.67000000,43.15602000,384.68000000,49.73314000
1604470762509,384.67000000,43.15602000,384.68000000,49.70390000
1604470763469,384.69000000,5.00000000,384.70000000,92.50000000
1604470764500,384.69000000,39.71443000,384.70000000,102.50000000
1604470765511,384.69000000,4.96903000,384.70000000,40.00000000
1604470766508,384.67000000,30.09205000,384.68000000,199.13107000
1604470767378,384.66000000,0.00001000,384.67000000,117.14246000
1604470768461,384.66000000,0.00001000,384.67000000,117.14246000
1604470769514,384.66000000,0.00001000,384.67000000,117.14246000
1604470770498,384.66000000,0.00001000,384.67000000,147.14246000
1604470771475,384.66000000,0.00001000,384.67000000,117.11202000
1604470772436,384.66000000,0.00001000,384.67000000,117.11202000
1604470773461,384.66000000,0.82485000,384.67000000,144.03395000
1604470774507,384.66000000,0.82485000,384.67000000,144.03395000
1604470775370,384.66000000,0.75286000,384.67000000,114.03395000
1604470776503,384.66000000,0.75286000,384.67000000,144.03395000
1604470777514,384.66000000,0.75286000,384.67000000,144.03395000
1604470778482,384.66000000,0.33756000,384.67000000,144.03395000
1604470779517,384.66000000,1.06831000,384.67000000,144.00487000
1604470780493,384.60000000,3.41067000,384.62000000,38.69999000
1604470781524,384.60000000,57.63442000,384.61000000,91.17738000
1604470782435,384.60000000,57.63442000,384.61000000,91.17738000
1604470783523,384.60000000,58.39197000,384.61000000,91.17738000
1604470784383,384.60000000,58.39197000,384.61000000,91.17738000
1604470785212,384.60000000,58.39197000,384.61000000,91.17738000
1604470786110,384.60000000,58.39197000,384.61000000,91.17738000
1604470787517,384.70000000,13.72609000,384.71000000,30.02795000
1604470788522,384.70000000,16.17339000,384.71000000,30.02795000
1604470789499,384.70000000,89.62420000,384.71000000,0.02795000
1604470790509,384.70000000,89.62420000,384.71000000,0.02795000
1604470791487,384.70000000,89.62420000,384.71000000,0.02795000
1604470792508,384.70000000,89.62420000,384.71000000,0.02795000
1604470793504,384.70000000,85.33995000,384.71000000,0.02795000
1604470794483,384.70000000,43.98193000,384.71000000,0.02795000
1604470795439,384.70000000,38.98193000,384.71000000,0.00043000
1604470796510,384.72000000,32.00993000,384.73000000,6.00000000
1604470797524,384.72000000,30.00000000,384.74000000,131.24999000
1604470798509,384.73000000,0.95830000,384.74000000,173.44468000
1604470799483,384.69000000,51.49064000,384.70000000,51.00000000
1604470800517,384.72000000,10.76159000,384.74000000,127.50000000
1604470801430,384.72000000,47.75401000,384.73000000,6.00000000
1604470802524,384.69000000,36.40490000,384.70000000,97.50000000
1604470803430,384.69000000,30.04168000,384.70000000,133.76932000
1604470804423,384.69000000,35.04168000,384.70000000,48.59999000
1604470805312,384.69000000,33.39168000,384.70000000,55.99468000
1604470806404,384.67000000,32.00000000,384.68000000,160.21042000
1604470807472,384.67000000,32.00000000,384.68000000,60.21042000
1604470808535,384.85000000,49.35030000,384.86000000,4.29846000
1604470809536,384.85000000,27.00000000,384.86000000,7.90000000
1604470810529,384.85000000,29.84016000,384.86000000,37.90000000
1604470811520,384.85000000,29.84016000,384.86000000,7.90000000
1604470812533,384.85000000,42.12088000,384.86000000,2.87139000
1604470813383,384.85000000,41.99288000,384.86000000,2.87139000
1604470814509,384.85000000,57.10028000,384.86000000,2.87139000
1604470815528,384.85000000,95.75366000,384.86000000,0.00039000
1604470816452,384.85000000,96.08096000,384.86000000,0.00039000
1604470817537,384.91000000,20.10740000,384.92000000,30.00000000
