timestamp,bidPrice,bidSize,askPrice,askSize
1604394177491,377.48000000,27.72732000,377.49000000,52.81626000
1604394178423,377.48000000,4.96916000,377.49000000,56.27550000
1604394179493,377.48000000,24.96916000,377.49000000,56.27550000
1604394180437,377.48000000,24.96916000,377.49000000,56.27550000
1604394181456,377.47000000,33.94851000,377.48000000,34.82456000
1604394182484,377.46000000,7.64143000,377.47000000,142.32523000
1604394183486,377.46000000,6.12935000,377.48000000,4.06630000
1604394184490,377.49000000,67.68074000,377.50000000,284.78411000
1604394185495,377.49000000,43.61486000,377.50000000,284.78411000
1604394186465,377.49000000,67.59092000,377.50000000,272.87242000
1604394187459,377.49000000,114.11933000,377.50000000,272.87242000
1604394188496,377.54000000,139.11118000,377.55000000,1.00000000
1604394189485,377.60000000,23.44089000,377.61000000,49.06958000
1604394190477,377.60000000,23.44089000,377.61000000,49.06958000
1604394191489,377.60000000,26.52768000,377.61000000,49.06958000
1604394192502,377.60000000,17.60192000,377.61000000,49.06958000
1604394193487,377.63000000,3.30077000,377.64000000,15.54969000
1604394194464,377.66000000,16.45941000,377.67000000,36.52447000
1604394195498,377.69000000,74.22952000,377.70000000,0.38445000
1604394196379,377.69000000,17.16552000,377.70000000,50.98304000
1604394197490,377.69000000,13.42226000,377.70000000,42.98891000
1604394198449,377.69000000,14.77239000,377.70000000,1.46481000
1604394199501,377.61000000,5.00000000,377.62000000,38.65005000
1604394200485,377.56000000,9.17143000,377.57000000,44.68665000
1604394201468,377.56000000,83.36991000,377.57000000,10.19665000
1604394202500,377.58000000,138.09743000,377.59000000,0.44644000
1604394203476,377.58000000,134.11684000,377.59000000,0.39354000
1604394204489,377.62000000,11.34238000,377.64000000,41.36607000
1604394205498,377.63000000,2.57583000,377.66000000,0.21297000
1604394206474,377.64000000,2.67810000,377.67000000,6.89681000
1604394207502,377.67000000,11.86401000,377.68000000,0.25363000
1604394208498,377.67000000,108.83762000,377.68000000,0.28894000
1604394209482,377.66000000,18.14632000,377.67000000,40.86150000
1604394210468,377.67000000,7.06200000,377.69000000,37.10740000
1604394211485,377.67000000,12.83707000,377.68000000,40.72819000
1604394212500,377.62000000,8.00000000,377.65000000,57.30038000
1604394213477,377.63000000,5.00000000,377.64000000,57.87974000
1604394214498,377.63000000,5.00000000,377.64000000,62.30728000
1604394215473,377.63000000,4.73549000,377.64000000,62.30728000
1604394216501,377.63000000,51.33521000,377.64000000,54.42754000
1604394217485,377.63000000,8.12621000,377.64000000,57.83219000
1604394218482,377.66000000,3.00000000,377.67000000,65.75010000
1604394219492,377.66000000,2.50000000,377.67000000,65.63608000
1604394220443,377.66000000,2.50000000,377.67000000,45.63608000
1604394221501,377.66000000,13.00000000,377.67000000,42.03677000
1604394222505,377.66000000,3.00000000,377.67000000,42.03677000
1604394223451,377.66000000,2.96952000,377.67000000,42.03677000
1604394224497,377.66000000,2.96952000,377.67000000,42.03677000
1604394225484,377.66000000,42.96952000,377.67000000,12.03677000
1604394226446,377.69000000,0.11593000,377.70000000,67.70966000
1604394227505,377.63000000,8.02402000,377.64000000,50.00000000
1604394228438,377.63000000,9.78795000,377.64000000,55.82346000
1604394229500,377.63000000,9.78795000,377.64000000,55.82346000
1604394230490,377.63000000,54.33293000,377.64000000,18.47071000
1604394231490,377.63000000,8.62898000,377.64000000,43.51487000
1604394232504,377.63000000,3.86574000,377.64000000,43.51487000
1604394233504,377.67000000,35.36688000,377.68000000,14.98666000
1604394234483,377.67000000,3.00000000,377.68000000,67.27000000
1604394235485,377.67000000,3.00000000,377.68000000,54.27424000
1604394236504,377.67000000,2.14298000,377.68000000,61.15213000
1604394237441,377.67000000,2.14298000,377.68000000,65.06234000
1604394238440,377.67000000,2.14298000,377.68000000,63.91851000
1604394239387,377.67000000,2.14298000,377.68000000,63.91851000
1604394240443,377.67000000,2.11173000,377.68000000,63.91851000
1604394241477,377.67000000,2.11173000,377.68000000,63.91851000
1604394242497,377.67000000,2.11173000,377.68000000,63.91851000
1604394243508,377.64000000,4.88786000,377.65000000,49.11592000
1604394244501,377.64000000,4.88786000,377.65000000,48.99550000
1604394245449,377.64000000,4.88786000,377.65000000,48.99550000
1604394246502,377.64000000,4.88786000,377.65000000,48.99550000
1604394247468,377.65000000,2.14000000,377.67000000,49.24472000
1604394248497,377.65000000,2.10909000,377.66000000,49.36700000
1604394249509,377.49000000,7.02353000,377.50000000,48.95583000
1604394250500,377.48000000,13.28886000,377.49000000,39.14246000
1604394251513,377.48000000,43.28886000,377.49000000,9.14246000
1604394252484,377.48000000,13.33279000,377.49000000,43.00206000
1604394253509,377.37000000,9.00000000,377.42000000,64.50000000
1604394254514,377.40000000,3.00000000,377.41000000,52.99417000
1604394255514,377.40000000,51.70763000,377.42000000,36.96268000
1604394256511,377.39000000,65.28734000,377.40000000,32.61769000
1604394257502,377.43000000,47.02672000,377.44000000,3.66217000
1604394258514,377.48000000,109.89793000,377.49000000,8.30854000
1604394259514,377.51000000,5.00000000,377.52000000,3.90000000
1604394260500,377.47000000,61.76861000,377.48000000,3.37498000
1604394261512,377.48000000,0.38355000,377.49000000,56.56438000
1604394262500,377.48000000,0.38355000,377.49000000,73.38204000
1604394263497,377.46000000,5.00000000,377.47000000,58.91069000
1604394264514,377.49000000,143.36874000,377.50000000,0.27760000
1604394265512,377.45000000,5.00000000,377.51000000,14.02307000
1604394266444,377.47000000,76.30957000,377.48000000,33.17645000
1604394267513,377.50000000,61.33720000,377.51000000,58.24425000
1604394268515,377.53000000,84.50000000,377.54000000,46.50169000
1604394269513,377.45000000,2.00000000,377.51000000,35.23008000
1604394270513,377.54000000,71.15834000,377.56000000,3.90000000
1604394271506,377.55000000,10.00000000,377.56000000,41.73215000
1604394272515,377.51000000,39.62526000,377.53000000,3.85951000
1604394273510,377.47000000,88.93348000,377.48000000,48.70077000
1604394274512,377.47000000,91.74423000,377.48000000,50.00580000
1604394275513,377.47000000,0.42387000,377.48000000,53.89335000
1604394276505,377.50000000,116.78296000,377.51000000,0.15266000
1604394277508,377.51000000,0.30223000,377.53000000,42.62329000
1604394278513,377.52000000,5.00000000,377.53000000,42.62329000
1604394279419,377.52000000,4.96990000,377.53000000,60.40769000
1604394280427,377.52000000,4.96990000,377.53000000,42.58053000
1604394281519,377.51000000,7.90132000,377.53000000,30.00000000
1604394282511,377.52000000,18.12288000,377.55000000,53.71948000
1604394283519,377.51000000,13.01050000,377.52000000,45.13554000
1604394284521,377.52000000,16.33172000,377.54000000,3.79692000
1604394285502,377.53000000,2.24670000,377.55000000,38.36186000
1604394286520,377.59000000,73.62467000,377.60000000,4.18615000
1604394287516,377.62000000,32.41072000,377.63000000,13.97807000
1604394288520,377.64000000,10.00000000,377.65000000,41.02707000
1604394289520,377.58000000,10.11892000,377.63000000,35.31982000
1604394290515,377.59000000,1.49842000,377.62000000,4.45465000
1604394291520,377.54000000,7.44620000,377.55000000,90.01959000
1604394292522,377.53000000,80.07341000,377.54000000,4.88739000
1604394293519,377.51000000,6.13628000,377.54000000,48.65638000
1604394294523,377.51000000,36.13628000,377.53000000,5.98755000
1604394295523,377.49000000,105.13638000,377.51000000,30.00000000
1604394296522,377.56000000,98.71604000,377.57000000,4.37155000
1604394297524,377.52000000,8.35240000,377.54000000,30.00000000
1604394298523,377.55000000,100.07261000,377.57000000,5.83744000
1604394299518,377.48000000,0.24399000,377.57000000,39.62758000
1604394300523,377.51000000,40.73289000,377.57000000,30.17155000
1604394301525,377.50000000,96.03462000,377.54000000,16.39119000
1604394302513,377.56000000,11.71066000,377.57000000,34.84286000
1604394303506,377.55000000,87.60264000,377.56000000,6.09124000
1604394304519,377.53000000,1.69931000,377.54000000,8.70670000
1604394305512,377.57000000,40.00000000,377.58000000,8.28433000
1604394306525,377.57000000,40.04521000,377.58000000,2.22048000
1604394307524,377.54000000,1.88197000,377.58000000,39.22019000
1604394308497,377.58000000,39.13911000,377.59000000,16.14942000
1604394309508,377.59000000,139.72583000,377.60000000,3.90000000
1604394310520,377.59000000,5.82420000,377.61000000,3.50134000
1604394311525,377.61000000,31.50864000,377.65000000,21.06420000
1604394312521,377.61000000,31.47818000,377.62000000,5.00000000
1604394313518,377.60000000,0.42372000,377.61000000,52.58358000
1604394314527,377.62000000,35.69262000,377.63000000,20.00000000
1604394315513,377.64000000,5.54937000,377.66000000,8.96763000
1604394316526,377.63000000,3.72910000,377.65000000,46.31230000
1604394317528,377.58000000,7.07538000,377.59000000,50.00000000
1604394318528,377.58000000,11.22775000,377.59000000,50.00000000
1604394319526,377.61000000,5.00000000,377.62000000,58.11298000
1604394320514,377.61000000,34.96988000,377.64000000,4.74861000
1604394321524,377.63000000,30.00000000,377.64000000,4.74861000
1604394322528,377.64000000,0.58526000,377.65000000,36.73835000
1604394323524,377.61000000,30.00000000,377.64000000,42.71762000
1604394324529,377.65000000,0.00028000,377.66000000,58.62061000
1604394325448,377.64000000,4.89085000,377.65000000,24.59502000
1604394326528,377.60000000,33.07112000,377.63000000,49.66188000
1604394327511,377.64000000,35.60295000,377.65000000,9.45736000
1604394328523,377.64000000,31.74276000,377.65000000,6.57520000
1604394329506,377.61000000,1.99270000,377.62000000,62.82102000
1604394330498,377.61000000,2.41641000,377.62000000,57.82111000
1604394331530,377.61000000,2.41641000,377.62000000,57.82111000
1604394332422,377.61000000,2.41641000,377.62000000,57.82111000
1604394333469,377.61000000,2.41641000,377.62000000,57.82111000
1604394334524,377.61000000,2.41641000,377.62000000,115.94362000
1604394335527,377.61000000,2.41641000,377.62000000,115.94362000
1604394336531,377.61000000,2.41641000,377.62000000,115.94362000
1604394337521,377.61000000,2.38437000,377.62000000,116.35922000
1604394338526,377.57000000,3.49816000,377.58000000,58.79722000
1604394339532,377.57000000,1.09816000,377.58000000,110.02838000
1604394340495,377.57000000,1.09816000,377.58000000,110.02838000
1604394341528,377.57000000,1.09816000,377.58000000,58.35833000
1604394342478,377.57000000,1.09816000,377.58000000,126.75637000
1604394343533,377.44000000,4.00000000,377.46000000,34.03865000
1604394344528,377.47000000,41.91243000,377.49000000,1.45588000
1604394345531,377.51000000,7.80412000,377.54000000,0.51714000
1604394346531,377.53000000,5.00000000,377.54000000,38.94194000
1604394347491,377.53000000,5.00000000,377.54000000,58.94194000
1604394348507,377.53000000,6.21924000,377.54000000,39.19425000
1604394349526,377.53000000,40.36243000,377.56000000,31.71794000
1604394350534,377.56000000,47.67185000,377.57000000,0.38445000
1604394351534,377.60000000,59.65177000,377.61000000,30.20118000
1604394352529,377.61000000,5.44742000,377.63000000,2.64000000
1604394353534,377.62000000,42.81715000,377.63000000,0.12020000
1604394354529,377.62000000,43.64525000,377.63000000,0.12020000
1604394355528,377.62000000,43.64525000,377.63000000,0.12020000
1604394356523,377.57000000,5.00000000,377.58000000,23.21991000
1604394357534,377.62000000,45.41654000,377.63000000,3.87866000
1604394358535,377.62000000,75.41654000,377.63000000,3.87866000
1604394359536,377.58000000,7.76727000,377.63000000,3.87952000
1604394360520,377.61000000,37.67424000,377.64000000,38.77075000
1604394361527,377.61000000,34.96826000,377.62000000,20.00000000
1604394362535,377.57000000,51.98479000,377.59000000,30.00000000
1604394363525,377.59000000,7.10528000,377.63000000,9.73599000
1604394364535,377.59000000,6.97672000,377.63000000,9.73599000
1604394365462,377.62000000,2.94602000,377.64000000,39.42377000
1604394366532,377.62000000,2.92614000,377.64000000,10.79312000
1604394367532,377.62000000,0.07310000,377.63000000,150.48769000
1604394368530,377.62000000,0.07310000,377.63000000,147.68748000
1604394369536,377.62000000,0.07310000,377.63000000,147.68748000
1604394370532,377.62000000,0.04380000,377.63000000,147.61438000
1604394371465,377.59000000,9.44560000,377.60000000,53.58310000
1604394372521,377.58000000,9.11328000,377.59000000,51.99856000
1604394373512,377.58000000,4.11328000,377.59000000,57.91218000
1604394374539,377.56000000,26.47365000,377.57000000,55.63678000
1604394375410,377.56000000,26.47365000,377.57000000,55.63678000
1604394376503,377.56000000,26.47365000,377.57000000,56.25140000
1604394377497,377.56000000,5.00000000,377.57000000,56.28743000
1604394378457,377.54000000,65.88617000,377.55000000,29.85897000
1604394379541,377.56000000,80.01309000,377.60000000,4.56486000
1604394380530,377.60000000,11.83682000,377.61000000,7.33072000
1604394381540,377.56000000,30.00000000,377.57000000,81.07836000
1604394382531,377.53000000,78.02705000,377.57000000,34.15123000
1604394383536,377.54000000,5.00000000,377.55000000,51.57513000
1604394384507,377.54000000,5.09413000,377.55000000,57.10836000
1604394385540,377.54000000,0.09413000,377.55000000,62.10836000
1604394386484,377.54000000,0.00614000,377.55000000,139.98816000
1604394387463,377.54000000,0.00614000,377.55000000,70.04915000
1604394388478,377.48000000,82.01747000,377.49000000,28.90752000
1604394389537,377.49000000,112.84623000,377.50000000,5.27463000
1604394390515,377.47000000,34.77904000,377.48000000,5.28813000
1604394391543,377.48000000,78.25587000,377.49000000,15.01622000
1604394392463,377.51000000,34.20196000,377.52000000,28.08572000
1604394393544,377.58000000,20.00000000,377.60000000,25.17631000
1604394394544,377.56000000,48.79193000,377.57000000,41.75528000
1604394395543,377.55000000,53.17402000,377.56000000,44.73983000
1604394396503,377.55000000,68.97793000,377.56000000,30.00000000
1604394397542,377.56000000,8.73901000,377.57000000,49.86500000
1604394398530,377.57000000,4.25415000,377.58000000,16.93801000
1604394399544,377.54000000,2.26557000,377.56000000,2.19320000
1604394400540,377.50000000,1.32421000,377.54000000,3.81408000
1604394401498,377.53000000,44.32692000,377.54000000,4.81795000
1604394402545,377.53000000,35.45546000,377.56000000,5.03020000
1604394403530,377.51000000,3.97072000,377.52000000,62.43841000
1604394404522,377.51000000,3.97072000,377.52000000,60.95267000
1604394405511,377.51000000,3.97072000,377.52000000,60.95267000
1604394406485,377.51000000,3.97072000,377.52000000,60.95267000
1604394407505,377.51000000,4.05883000,377.52000000,60.95267000
1604394408458,377.51000000,4.05883000,377.52000000,60.95267000
1604394409495,377.51000000,10.81802000,377.52000000,57.06508000
1604394410505,377.52000000,6.29366000,377.54000000,4.74074000
1604394411555,377.54000000,22.10909000,377.55000000,40.85436000
1604394412548,377.54000000,37.19781000,377.55000000,46.16296000
1604394413499,377.54000000,54.14771000,377.55000000,10.16142000
1604394414466,377.54000000,30.11652000,377.55000000,35.16142000
1604394415554,377.54000000,102.51604000,377.55000000,40.44960000
1604394416025,377.54000000,108.41965000,377.55000000,10.16142000
1604394417531,377.55000000,2.57825000,377.56000000,56.70945000
1604394418428,377.55000000,2.57825000,377.56000000,61.70945000
1604394419530,377.51000000,137.09031000,377.52000000,0.24834000
1604394420545,377.52000000,103.31366000,377.53000000,39.09282000
1604394421557,377.51000000,11.06027000,377.55000000,5.30574000
1604394422555,377.52000000,32.54830000,377.53000000,5.00000000
1604394423547,377.52000000,30.00000000,377.53000000,34.23671000
1604394424267,377.52000000,30.00000000,377.53000000,34.23671000
1604394425483,377.52000000,29.95000000,377.53000000,69.35288000
1604394426549,377.52000000,6.32618000,377.54000000,0.24296000
1604394427521,377.52000000,6.29441000,377.54000000,34.19013000
1604394428493,377.53000000,2.73177000,377.54000000,6.48418000
1604394429554,377.51000000,34.60917000,377.53000000,5.33398000
1604394430305,377.51000000,39.53770000,377.53000000,5.33398000
1604394431289,377.51000000,39.53770000,377.53000000,5.02286000
1604394432535,377.51000000,4.60917000,377.52000000,60.68588000
1604394433524,377.51000000,39.84882000,377.52000000,59.26284000
1604394434556,377.53000000,97.45093000,377.55000000,7.47300000
1604394435463,377.54000000,53.12454000,377.55000000,7.47300000
1604394436467,377.54000000,46.19808000,377.55000000,13.59948000
1604394437559,377.54000000,51.38125000,377.55000000,12.12688000
1604394438528,377.54000000,41.26374000,377.55000000,12.12688000
1604394439525,377.54000000,41.26374000,377.55000000,12.12688000
1604394440540,377.54000000,40.99916000,377.55000000,12.12688000
1604394441543,377.54000000,50.99916000,377.55000000,12.09899000
1604394442561,377.54000000,58.76326000,377.55000000,7.09899000
1604394443568,377.64000000,4.96810000,377.65000000,39.23179000
1604394444551,377.60000000,43.17380000,377.61000000,5.00000000
1604394445538,377.60000000,43.17380000,377.61000000,5.00000000
1604394446495,377.60000000,48.16717000,377.61000000,25.00000000
1604394447560,377.60000000,37.32397000,377.61000000,7.31143000
1604394448570,377.60000000,37.32397000,377.61000000,7.31143000
1604394449549,377.60000000,37.32397000,377.61000000,7.31143000
1604394450560,377.60000000,32.33060000,377.61000000,32.70401000
1604394451511,377.57000000,7.01822000,377.58000000,51.85501000
1604394452527,377.57000000,1.98633000,377.58000000,80.45403000
1604394453488,377.57000000,1.98633000,377.58000000,66.52273000
1604394454568,377.57000000,4.28379000,377.58000000,66.52273000
1604394455547,377.54000000,38.71966000,377.55000000,25.12670000
1604394456432,377.54000000,38.71966000,377.55000000,25.12670000
1604394457545,377.54000000,39.46543000,377.55000000,25.12670000
1604394458577,377.54000000,39.46543000,377.55000000,27.49553000
1604394459503,377.54000000,9.46543000,377.55000000,58.60098000
1604394460515,377.54000000,6.67002000,377.55000000,67.43365000
1604394461529,377.54000000,41.39928000,377.55000000,23.47428000
1604394462580,377.54000000,52.24837000,377.55000000,30.57925000
1604394463558,377.58000000,4.97864000,377.59000000,49.16051000
1604394464578,377.58000000,3.27886000,377.59000000,34.95372000
1604394465580,377.58000000,12.93337000,377.59000000,0.12410000
1604394466559,377.55000000,8.89218000,377.56000000,5.00000000
1604394467498,377.56000000,3.72915000,377.59000000,7.32744000
1604394468569,377.57000000,37.81624000,377.58000000,32.81837000
1604394469546,377.58000000,12.32372000,377.59000000,2.64700000
1604394470517,377.58000000,43.84961000,377.59000000,2.64700000
1604394471567,377.58000000,43.84961000,377.59000000,1.74314000
1604394472554,377.58000000,53.97642000,377.59000000,6.74314000
1604394473560,377.58000000,53.97642000,377.59000000,6.71525000
1604394474579,377.54000000,7.65967000,377.55000000,12.43292000
1604394475554,377.57000000,11.53387000,377.58000000,3.34039000
1604394476580,377.57000000,30.77385000,377.58000000,8.34039000
1604394477569,377.57000000,30.52875000,377.58000000,7.81076000
1604394478502,377.55000000,1.28733000,377.59000000,4.79084000
1604394479582,377.57000000,47.77495000,377.58000000,43.24568000
1604394480572,377.57000000,44.52858000,377.58000000,39.17270000
1604394481571,377.57000000,85.37176000,377.58000000,4.22485000
1604394482565,377.58000000,86.25325000,377.59000000,1.71348000
1604394483571,377.58000000,98.75990000,377.59000000,1.66052000
1604394484581,377.55000000,3.26448000,377.58000000,11.36984000
1604394485588,377.58000000,41.25470000,377.59000000,3.59777000
1604394486528,377.58000000,38.53902000,377.59000000,3.59777000
1604394487575,377.58000000,81.03902000,377.59000000,3.44987000
1604394488584,377.56000000,3.39590000,377.57000000,60.35024000
1604394489570,377.58000000,78.53026000,377.59000000,30.29540000
1604394490587,377.58000000,32.22080000,377.59000000,2.55682000
1604394491585,377.58000000,91.70720000,377.59000000,0.29540000
1604394492537,377.58000000,32.22080000,377.59000000,0.29540000
1604394493546,377.58000000,32.18914000,377.59000000,0.29540000
1604394494551,377.58000000,32.18914000,377.59000000,0.29540000
1604394495535,377.58000000,104.08962000,377.59000000,0.29540000
1604394496573,377.58000000,31.32386000,377.59000000,0.29540000
1604394497591,377.68000000,95.41819000,377.69000000,3.90000000
1604394498574,377.68000000,48.92339000,377.69000000,3.90000000
1604394499590,377.59000000,9.60400000,377.62000000,4.07387000
1604394500581,377.65000000,2.90399000,377.67000000,7.02325000
1604394501572,377.66000000,39.97933000,377.67000000,5.79404000
1604394502570,377.66000000,39.53883000,377.67000000,0.79404000
1604394503588,377.66000000,39.53883000,377.67000000,0.79404000
1604394504534,377.67000000,7.71893000,377.68000000,5.00000000
1604394505562,377.67000000,24.54603000,377.68000000,26.00213000
1604394506583,377.71000000,78.26884000,377.72000000,15.23999000
1604394507587,377.70000000,29.60785000,377.71000000,49.19876000
1604394508580,377.67000000,0.74782000,377.68000000,93.98641000
1604394509497,377.65000000,0.06122000,377.66000000,65.95654000
1604394510594,377.65000000,0.06122000,377.66000000,95.24422000
1604394511592,377.61000000,30.01489000,377.62000000,37.34961000
1604394512574,377.61000000,30.01489000,377.62000000,67.34961000
1604394513556,377.61000000,33.12807000,377.62000000,25.00000000
1604394514593,377.61000000,35.01489000,377.62000000,26.93994000
1604394515588,377.61000000,0.01489000,377.62000000,56.93994000
1604394516595,377.60000000,14.79311000,377.61000000,64.86084000
1604394517503,377.60000000,48.98191000,377.61000000,29.32538000
1604394518582,377.63000000,36.40781000,377.64000000,62.22296000
1604394519547,377.60000000,44.76267000,377.61000000,78.09874000
1604394520594,377.60000000,47.84435000,377.61000000,48.09874000
1604394521598,377.62000000,1.70674000,377.64000000,52.00317000
1604394522579,377.64000000,2.84862000,377.65000000,52.06585000
1604394523567,377.62000000,30.00000000,377.65000000,53.38975000
1604394524595,377.62000000,0.64400000,377.63000000,149.24827000
1604394525601,377.60000000,13.56231000,377.61000000,25.90955000
1604394526594,377.60000000,13.53270000,377.61000000,72.42772000
1604394527601,377.60000000,17.53083000,377.61000000,69.31819000
1604394528548,377.60000000,12.53083000,377.61000000,74.31819000
1604394529443,377.60000000,12.53083000,377.61000000,74.31819000
1604394530455,377.60000000,17.53083000,377.61000000,74.32609000
1604394531387,377.60000000,17.53083000,377.61000000,74.32609000
1604394532563,377.42000000,34.65003000,377.43000000,93.67669000
1604394533603,377.41000000,4.19202000,377.42000000,63.92247000
1604394534532,377.41000000,2.55571000,377.42000000,86.11883000
1604394535603,377.40000000,52.97587000,377.41000000,31.91561000
1604394536591,377.46000000,167.98244000,377.47000000,0.28442000
1604394537604,377.51000000,48.53883000,377.52000000,57.91069000
1604394538565,377.51000000,5.00000000,377.52000000,67.31059000
1604394539597,377.52000000,70.36619000,377.53000000,3.90000000
1604394540562,377.52000000,35.00000000,377.53000000,3.90000000
1604394541589,377.45000000,30.00000000,377.46000000,45.61295000
1604394542605,377.49000000,55.00000000,377.50000000,29.59987000
1604394543600,377.45000000,5.21524000,377.47000000,3.94516000
1604394544603,377.48000000,34.74931000,377.49000000,6.92868000
1604394545595,377.44000000,0.18883000,377.45000000,16.53862000
1604394546599,377.50000000,52.00000000,377.51000000,5.96940000
1604394547595,377.50000000,52.00000000,377.51000000,2.00905000
1604394548569,377.50000000,31.15285000,377.51000000,15.44629000
1604394549390,377.50000000,31.15285000,377.51000000,15.44629000
1604394550582,377.50000000,52.87649000,377.51000000,5.00000000
1604394551602,377.50000000,32.87649000,377.51000000,5.00000000
1604394552569,377.46000000,32.13785000,377.48000000,37.39076000
1604394553604,377.46000000,32.13785000,377.47000000,18.84310000
1604394554576,377.47000000,4.70382000,377.50000000,0.20000000
1604394555608,377.49000000,56.22697000,377.50000000,5.20000000
1604394556593,377.49000000,56.19529000,377.50000000,5.20000000
1604394557579,377.49000000,56.19529000,377.50000000,0.20000000
1604394558605,377.51000000,26.62340000,377.52000000,1.45684000
1604394559592,377.51000000,30.00000000,377.52000000,20.92037000
1604394560609,377.48000000,8.52187000,377.51000000,25.16413000
1604394561598,377.50000000,29.90000000,377.51000000,50.18904000
1604394562449,377.50000000,29.90000000,377.51000000,28.78904000
1604394563596,377.46000000,39.03439000,377.47000000,5.00000000
1604394564598,377.49000000,121.69912000,377.50000000,3.16538000
1604394565606,377.49000000,60.66965000,377.50000000,2.97211000
1604394566581,377.52000000,47.82939000,377.53000000,20.23481000
1604394567583,377.52000000,47.82939000,377.53000000,77.23481000
1604394568609,377.48000000,0.23929000,377.49000000,205.57726000
1604394569609,377.46000000,32.76069000,377.47000000,21.37290000
1604394570605,377.48000000,57.65026000,377.49000000,6.72732000
1604394571612,377.50000000,20.00000000,377.51000000,4.06244000
1604394572609,377.50000000,31.75649000,377.51000000,23.14294000
1604394573612,377.46000000,7.61918000,377.47000000,51.37433000
1604394574611,377.46000000,35.07444000,377.47000000,15.00000000
1604394575588,377.46000000,30.00000000,377.47000000,17.13986000
1604394576602,377.46000000,35.00000000,377.47000000,47.13986000
1604394577563,377.45000000,71.91257000,377.46000000,6.21651000
1604394578578,377.46000000,35.31873000,377.47000000,2.94214000
1604394579601,377.47000000,2.99416000,377.48000000,38.28081000
1604394580608,377.44000000,7.12407000,377.49000000,4.12691000
1604394581610,377.49000000,61.87921000,377.50000000,37.20228000
1604394582609,377.49000000,31.87912000,377.50000000,39.46855000
1604394583608,377.49000000,57.52730000,377.50000000,39.46855000
1604394584616,377.32000000,3.80240000,377.33000000,86.54182000
1604394585608,377.32000000,37.15205000,377.33000000,118.34071000
1604394586617,377.20000000,0.21195000,377.22000000,6.53375000
1604394587607,377.22000000,30.18329000,377.23000000,44.13531000
1604394588614,377.20000000,92.90707000,377.21000000,0.02665000
1604394589612,377.20000000,63.84498000,377.21000000,33.91359000
1604394590617,377.18000000,159.30246000,377.19000000,0.10700000
1604394591588,377.20000000,157.00796000,377.21000000,6.78958000
1604394592614,377.26000000,56.73033000,377.27000000,46.12122000
1604394593611,377.21000000,5.22925000,377.22000000,40.00062000
1604394594585,377.21000000,42.20159000,377.22000000,9.49525000
1604394595616,377.25000000,53.76322000,377.26000000,8.87029000
1604394596608,377.24000000,62.84801000,377.25000000,11.50395000
1604394597597,377.24000000,0.64000000,377.25000000,97.23598000
1604394598619,377.19000000,44.12088000,377.20000000,6.71872000
1604394599613,377.19000000,0.98462000,377.20000000,142.67422000
1604394600601,377.19000000,30.98462000,377.20000000,111.27983000
1604394601612,377.19000000,0.95646000,377.20000000,132.52502000
1604394602603,377.19000000,5.95562000,377.20000000,80.31819000
1604394603593,377.19000000,0.95562000,377.20000000,85.31819000
1604394604610,377.19000000,0.69080000,377.20000000,159.07279000
1604394605562,377.19000000,0.69080000,377.20000000,94.07279000
1604394606616,377.20000000,162.62920000,377.21000000,3.02652000
1604394607595,377.20000000,58.58161000,377.21000000,0.00052000
1604394608606,377.20000000,78.58161000,377.21000000,0.00052000
1604394609543,377.20000000,78.58161000,377.21000000,0.00052000
1604394610623,377.20000000,79.96629000,377.21000000,0.00052000
1604394611608,377.20000000,0.63945000,377.21000000,73.31439000
1604394612597,377.19000000,5.02138000,377.20000000,146.57202000
1604394613606,377.19000000,5.14670000,377.20000000,38.80744000
1604394614497,377.19000000,4.38287000,377.20000000,38.80744000
1604394615617,377.19000000,0.12532000,377.20000000,43.80744000
1604394616594,377.19000000,0.00032000,377.20000000,51.20762000
1604394617593,377.19000000,0.00032000,377.20000000,97.43890000
1604394618604,377.17000000,9.69139000,377.18000000,33.77231000
1604394619558,377.17000000,9.69139000,377.18000000,33.77231000
1604394620593,377.17000000,9.69139000,377.18000000,33.48431000
1604394621612,377.15000000,41.35807000,377.18000000,38.48431000
1604394622555,377.17000000,16.82035000,377.18000000,29.71200000
1604394623425,377.17000000,16.93586000,377.18000000,29.71200000
1604394624541,377.18000000,173.13134000,377.19000000,0.57052000
1604394625563,377.18000000,152.36666000,377.19000000,0.26034000
1604394626545,377.18000000,166.15452000,377.19000000,0.00034000
1604394627625,377.17000000,3.97117000,377.18000000,47.63310000
1604394628622,377.17000000,14.92196000,377.18000000,36.97761000
1604394629631,377.17000000,14.92196000,377.18000000,30.00098000
1604394630622,377.18000000,14.35901000,377.19000000,30.08842000
1604394631624,377.18000000,26.48137000,377.19000000,30.08842000
1604394632604,377.19000000,1.21108000,377.22000000,12.26526000
1604394633633,377.21000000,20.00000000,377.22000000,6.32628000
1604394634630,377.25000000,29.42525000,377.26000000,33.44833000
1604394635627,377.25000000,16.00080000,377.26000000,44.77461000
1604394636606,377.25000000,16.00080000,377.26000000,90.21122000
1604394637624,377.18000000,69.52084000,377.19000000,5.00000000
1604394638582,377.18000000,15.24486000,377.19000000,51.32628000
1604394639627,377.17000000,1.20635000,377.18000000,74.36422000
1604394640616,377.14000000,0.26800000,377.15000000,111.64770000
1604394641623,377.10000000,30.12486000,377.11000000,29.80848000
1604394642623,377.09000000,6.10303000,377.10000000,120.96328000
1604394643630,377.09000000,76.46488000,377.10000000,0.00032000
1604394644602,377.09000000,76.46488000,377.10000000,0.00032000
1604394645549,377.09000000,56.19999000,377.10000000,11.59532000
1604394646634,377.09000000,44.22393000,377.10000000,26.96408000
1604394647635,377.00000000,130.85876000,377.03000000,16.42751000
1604394648633,376.96000000,33.37640000,376.97000000,21.26126000
1604394649629,376.96000000,30.33000000,376.97000000,35.26278000
1604394650610,376.96000000,0.33000000,376.97000000,115.94279000
1604394651627,376.92000000,38.22069000,376.93000000,7.85676000
1604394652627,376.92000000,31.94245000,376.93000000,14.96124000
1604394653590,376.94000000,41.12943000,376.95000000,5.11400000
1604394654585,376.94000000,41.12943000,376.95000000,0.11400000
1604394655630,376.95000000,43.31989000,376.96000000,5.35468000
1604394656636,376.98000000,44.54981000,376.99000000,89.17659000
1604394657636,376.92000000,17.71060000,376.93000000,30.00000000
1604394658610,376.92000000,30.00000000,376.94000000,61.64865000
1604394659637,376.93000000,62.22128000,376.94000000,6.64865000
1604394660638,376.96000000,7.82675000,376.97000000,11.29487000
1604394661629,376.93000000,30.00000000,376.94000000,108.86882000
1604394662637,377.02000000,55.00000000,377.03000000,6.75845000
1604394663617,377.03000000,55.60658000,377.04000000,2.14112000
1604394664627,377.13000000,18.10891000,377.15000000,45.84044000
1604394665638,377.07000000,5.49144000,377.08000000,139.38096000
1604394666639,377.12000000,3.97108000,377.13000000,112.92418000
1604394667637,376.99000000,0.03006000,377.01000000,3.94177000
1604394668636,377.04000000,3.65530000,377.09000000,15.79362000
1604394669603,377.07000000,49.28600000,377.08000000,5.38696000
1604394670639,377.06000000,23.08114000,377.07000000,9.02000000
1604394671638,377.05000000,71.24606000,377.09000000,0.14866000
1604394672635,377.09000000,36.94612000,377.10000000,53.07520000
1604394673625,377.12000000,34.08538000,377.13000000,68.38571000
1604394674624,377.12000000,21.84297000,377.13000000,1.86584000
1604394675635,377.12000000,35.00000000,377.13000000,46.00000000
1604394676640,377.16000000,10.00000000,377.17000000,1.32596000
1604394677631,377.22000000,42.01652000,377.23000000,39.00000000
1604394678636,377.22000000,20.00000000,377.23000000,36.96239000
1604394679636,377.18000000,5.00000000,377.19000000,127.06234000
1604394680640,377.19000000,2.00559000,377.20000000,1.25022000
1604394681638,377.16000000,33.92430000,377.20000000,7.99999000
1604394682633,377.21000000,30.00000000,377.22000000,46.78400000
1604394683641,377.17000000,28.39033000,377.18000000,30.00000000
1604394684638,377.22000000,65.18371000,377.23000000,48.68423000
1604394685640,377.18000000,17.30211000,377.19000000,5.00000000
1604394686635,377.18000000,33.00000000,377.20000000,8.30119000
1604394687638,377.20000000,14.24288000,377.22000000,5.70857000
1604394688635,377.21000000,34.96352000,377.22000000,5.72841000
1604394689629,377.21000000,38.02664000,377.22000000,5.00000000
1604394690641,377.20000000,36.07791000,377.21000000,33.24727000
1604394691641,377.25000000,42.97597000,377.26000000,3.00000000
1604394692641,377.24000000,15.75332000,377.27000000,10.70000000
1604394693624,377.25000000,39.10153000,377.27000000,13.70000000
1604394694643,377.25000000,62.23278000,377.26000000,3.33301000
1604394695643,377.28000000,105.50000000,377.29000000,19.99999000
1604394696629,377.34000000,63.12553000,377.35000000,0.76430000
1604394697637,377.21000000,43.60710000,377.22000000,3.89606000
1604394698643,377.23000000,21.53241000,377.24000000,5.00000000
1604394699641,377.29000000,23.73346000,377.31000000,6.48434000
1604394700642,377.19000000,20.78911000,377.20000000,7.51395000
1604394701644,377.23000000,37.69696000,377.24000000,5.95349000
1604394702644,377.24000000,93.33011000,377.26000000,37.97773000
1604394703641,377.32000000,159.59212000,377.33000000,0.19909000
1604394704598,377.36000000,4.61434000,377.37000000,39.38714000
1604394705644,377.38000000,24.95681000,377.39000000,5.00000000
1604394706633,377.39000000,139.80351000,377.40000000,0.10402000
1604394707640,377.42000000,33.51271000,377.43000000,75.24813000
1604394708639,377.31000000,47.53878000,377.32000000,9.27143000
1604394709611,377.32000000,72.28970000,377.33000000,10.00000000
1604394710642,377.36000000,5.00000000,377.37000000,16.70000000
1604394711644,377.39000000,14.20852000,377.40000000,0.89424000
1604394712641,377.41000000,22.16286000,377.42000000,5.00000000
1604394713644,377.41000000,15.07404000,377.42000000,6.00000000
1604394714645,377.41000000,49.41020000,377.43000000,1.32505000
1604394715637,377.36000000,3.00000000,377.37000000,37.51383000
1604394716643,377.37000000,6.65691000,377.38000000,6.46874000
1604394717624,377.39000000,16.24938000,377.42000000,30.00000000
1604394718591,377.39000000,15.16305000,377.41000000,6.00000000
1604394719628,377.37000000,14.57825000,377.41000000,44.54107000
1604394720647,377.37000000,0.27915000,377.38000000,10.00000000
1604394721646,377.33000000,67.50000000,377.34000000,10.00000000
1604394722640,377.40000000,55.00000000,377.41000000,9.01000000
1604394723632,377.40000000,39.96945000,377.41000000,10.24847000
1604394724643,377.41000000,5.72342000,377.43000000,6.62507000
1604394725633,377.42000000,41.21225000,377.43000000,0.78633000
1604394726642,377.42000000,46.60324000,377.43000000,0.55575000
1604394727643,377.43000000,21.35182000,377.44000000,7.15377000
1604394728643,377.45000000,33.00242000,377.46000000,13.16350000
1604394729645,377.46000000,47.73005000,377.47000000,18.18475000
1604394730647,377.49000000,14.50656000,377.50000000,32.73600000
1604394731605,377.49000000,24.60880000,377.50000000,1.00000000
1604394732648,377.49000000,154.00296000,377.50000000,1.00000000
1604394733641,377.48000000,1.11411000,377.51000000,3.60222000
1604394734648,377.50000000,13.04111000,377.51000000,20.00000000
1604394735584,377.51000000,87.26250000,377.52000000,8.80070000
1604394736597,377.51000000,87.26250000,377.52000000,8.80070000
1604394737604,377.51000000,87.26250000,377.52000000,8.69630000
1604394738648,377.54000000,30.00000000,377.56000000,18.72761000
1604394739602,377.55000000,5.00000000,377.56000000,13.51970000
1604394740648,377.51000000,30.74447000,377.55000000,19.79980000
1604394741642,377.50000000,4.78139000,377.51000000,78.23866000
1604394742608,377.50000000,4.78139000,377.51000000,31.51473000
1604394743619,377.47000000,10.03916000,377.48000000,44.22316000
1604394744600,377.50000000,92.61546000,377.51000000,2.92484000
1604394745631,377.50000000,6.48903000,377.51000000,7.90524000
1604394746641,377.48000000,15.14818000,377.50000000,2.80070000
1604394747649,377.47000000,1.79841000,377.49000000,10.00000000
1604394748562,377.49000000,98.92323000,377.50000000,2.80070000
1604394749643,377.50000000,63.20673000,377.51000000,0.12414000
1604394750611,377.50000000,58.20673000,377.51000000,0.12414000
1604394751650,377.54000000,9.57377000,377.55000000,25.32171000
1604394752650,377.54000000,9.57377000,377.55000000,25.32171000
1604394753598,377.54000000,9.57377000,377.55000000,25.32171000
1604394754652,377.34000000,5.59968000,377.35000000,24.41854000
1604394755651,377.23000000,89.22810000,377.27000000,10.00000000
1604394756643,377.26000000,2.27290000,377.29000000,6.47785000
1604394757649,377.28000000,61.39933000,377.29000000,2.90770000
1604394758644,377.32000000,63.42346000,377.33000000,2.80070000
1604394759594,377.32000000,2.60233000,377.33000000,35.93872000
1604394760647,377.29000000,5.26532000,377.30000000,18.89682000
1604394761648,377.30000000,50.23893000,377.31000000,1.28400000
1604394762647,377.31000000,35.16974000,377.35000000,1.32547000
1604394763655,377.29000000,30.00000000,377.30000000,15.00000000
1604394764654,377.22000000,9.07324000,377.25000000,3.79634000
1604394765638,377.25000000,42.19836000,377.26000000,9.71384000
1604394766651,377.28000000,39.06843000,377.30000000,6.00000000
1604394767644,377.29000000,0.09730000,377.30000000,6.00000000
1604394768646,377.34000000,143.43845000,377.35000000,0.80000000
1604394769650,377.30000000,39.33649000,377.31000000,10.00000000
1604394770652,377.33000000,96.44466000,377.34000000,0.21278000
1604394771627,377.35000000,2.87564000,377.38000000,3.40798000
1604394772641,377.34000000,37.37718000,377.37000000,6.00000000
1604394773650,377.34000000,33.09262000,377.36000000,3.23377000
1604394774656,377.38000000,30.00000000,377.39000000,26.02837000
1604394775651,377.35000000,71.36694000,377.36000000,1.32533000
1604394776645,377.36000000,5.01727000,377.40000000,25.00102000
1604394777591,377.38000000,9.14083000,377.39000000,1.32526000
1604394778630,377.38000000,39.14083000,377.41000000,6.00000000
1604394779655,377.39000000,8.03659000,377.41000000,8.58663000
1604394780653,377.36000000,25.77633000,377.39000000,0.11801000
1604394781655,377.36000000,16.71934000,377.37000000,6.15722000
1604394782614,377.36000000,4.26811000,377.38000000,31.32526000
1604394783502,377.36000000,2.35650000,377.37000000,6.00000000
1604394784651,377.37000000,43.23042000,377.38000000,1.32526000
1604394785655,377.37000000,44.81092000,377.38000000,1.32526000
1604394786646,377.37000000,44.81092000,377.38000000,1.32526000
1604394787660,377.36000000,0.05965000,377.37000000,10.99722000
1604394788659,377.31000000,5.00000000,377.33000000,1.94388000
1604394789657,377.34000000,37.77265000,377.36000000,4.58046000
1604394790653,377.33000000,6.49643000,377.37000000,4.15889000
1604394791660,377.37000000,16.27204000,377.38000000,1.32526000
1604394792653,377.38000000,0.00025000,377.39000000,7.11609000
1604394793659,377.40000000,3.71389000,377.41000000,9.16326000
1604394794660,377.42000000,25.11188000,377.43000000,7.61796000
1604394795657,377.42000000,15.66152000,377.43000000,7.00000000
1604394796595,377.42000000,15.66152000,377.43000000,37.53289000
1604394797612,377.40000000,14.52568000,377.41000000,1.32515000
1604394798655,377.41000000,39.86041000,377.42000000,3.43824000
1604394799607,377.42000000,48.86846000,377.43000000,58.72049000
1604394800648,377.45000000,70.04381000,377.46000000,0.25563000
1604394801664,377.46000000,8.17877000,377.48000000,1.92674000
1604394802663,377.46000000,6.54735000,377.50000000,3.19509000
1604394803665,377.48000000,15.06173000,377.51000000,4.21248000
1604394804628,377.46000000,8.29936000,377.50000000,11.82573000
1604394805641,377.50000000,34.92812000,377.51000000,4.71156000
1604394806664,377.50000000,39.39043000,377.51000000,4.71156000
1604394807619,377.50000000,37.25041000,377.51000000,2.61248000
1604394808645,377.50000000,37.25041000,377.51000000,2.61248000
1604394809662,377.54000000,16.72040000,377.55000000,0.40000000
1604394810605,377.56000000,45.21927000,377.57000000,25.83071000
1604394811666,377.56000000,5.00790000,377.57000000,35.83071000
1604394812664,377.56000000,5.00790000,377.57000000,33.08940000
1604394813644,377.52000000,52.67636000,377.53000000,1.32473000
1604394814611,377.54000000,50.32399000,377.55000000,1.32473000
1604394815612,377.52000000,57.14872000,377.53000000,1.32473000
1604394816584,377.53000000,58.01689000,377.54000000,1.32473000
1604394817595,377.53000000,58.01689000,377.54000000,1.32473000
1604394818652,377.53000000,58.01689000,377.54000000,1.32473000
1604394819671,377.53000000,47.80552000,377.54000000,0.93612000
1604394820396,377.53000000,45.29319000,377.54000000,2.26085000
1604394821668,377.50000000,9.39622000,377.51000000,10.00000000
1604394822672,377.47000000,34.12388000,377.48000000,13.22578000
1604394823609,377.47000000,34.08148000,377.48000000,10.00000000
1604394824670,377.49000000,99.47524000,377.50000000,3.24040000
1604394825666,377.50000000,8.09299000,377.52000000,3.67237000
1604394826623,377.48000000,6.91816000,377.49000000,22.19937000
1604394827659,377.49000000,50.14341000,377.50000000,7.64028000
1604394828669,377.50000000,57.93086000,377.51000000,6.00000000
1604394829652,377.49000000,57.65348000,377.50000000,1.32484000
1604394830628,377.50000000,40.52915000,377.51000000,6.93612000
1604394831647,377.50000000,38.67090000,377.51000000,6.93612000
1604394832672,377.40000000,32.32014000,377.43000000,5.28563000
1604394833650,377.40000000,33.22395000,377.41000000,3.32116000
1604394834670,377.34000000,6.82254000,377.39000000,3.90875000
1604394835675,377.35000000,7.06979000,377.40000000,1.82744000
1604394836650,377.38000000,38.10731000,377.40000000,2.31936000
1604394837672,377.38000000,34.32228000,377.39000000,9.16202000
1604394838656,377.38000000,34.29092000,377.40000000,5.89716000
1604394839639,377.38000000,34.29092000,377.40000000,5.89716000
1604394840670,377.34000000,0.24808000,377.35000000,12.90637000
1604394841675,377.29000000,2.35536000,377.32000000,4.37994000
1604394842669,377.24000000,0.15291000,377.25000000,6.16280000
1604394843675,377.22000000,0.07324000,377.23000000,5.37079000
1604394844675,377.15000000,5.00000000,377.19000000,1.55524000
1604394845675,377.10000000,2.69034000,377.13000000,2.56466000
1604394846675,377.16000000,74.69128000,377.17000000,2.40000000
1604394847644,377.20000000,36.50065000,377.21000000,3.90000000
1604394848557,377.20000000,36.50065000,377.21000000,5.22589000
1604394849631,377.20000000,36.50065000,377.21000000,4.60842000
1604394850668,377.13000000,0.20527000,377.17000000,4.10805000
1604394851659,377.11000000,86.18204000,377.15000000,2.21303000
1604394852669,377.13000000,111.90515000,377.14000000,3.78697000
1604394853676,377.14000000,100.65211000,377.15000000,1.32607000
1604394854632,377.14000000,42.46763000,377.15000000,1.32607000
1604394855672,377.15000000,35.00000000,377.16000000,6.05963000
1604394856675,377.20000000,3.69169000,377.23000000,8.55815000
1604394857678,377.23000000,34.27285000,377.24000000,17.54467000
1604394858675,377.24000000,4.60981000,377.25000000,13.57792000
1604394859673,377.23000000,39.68891000,377.24000000,10.00000000
1604394860668,377.23000000,39.68891000,377.24000000,10.00000000
1604394861670,377.25000000,135.48396000,377.26000000,0.11751000
1604394862678,377.22000000,0.25824000,377.26000000,7.64954000
1604394863677,377.26000000,4.72035000,377.27000000,34.52069000
1604394864622,377.22000000,34.17304000,377.24000000,6.00000000
1604394865643,377.24000000,34.32399000,377.25000000,7.28400000
1604394866668,377.16000000,38.71772000,377.19000000,5.00810000
1604394867652,377.17000000,7.86154000,377.19000000,0.06359000
1604394868680,377.18000000,62.25052000,377.21000000,0.10298000
1604394869680,377.15000000,44.59305000,377.18000000,5.00000000
1604394870676,377.17000000,6.30042000,377.18000000,0.01359000
1604394871611,377.17000000,4.82974000,377.18000000,1.65308000
1604394872670,377.16000000,44.84624000,377.18000000,0.02732000
1604394873651,377.15000000,7.77674000,377.17000000,30.00000000
1604394874644,377.16000000,120.81294000,377.17000000,0.02732000
1604394875611,377.16000000,120.81294000,377.17000000,0.02732000
1604394876679,377.16000000,120.75830000,377.17000000,0.02732000
1604394877680,377.19000000,5.00000000,377.20000000,45.73151000
1604394878653,377.16000000,3.25215000,377.17000000,47.53289000
1604394879682,377.11000000,3.61717000,377.15000000,6.46207000
1604394880662,377.12000000,0.97884000,377.15000000,1.53247000
1604394881684,377.20000000,120.27639000,377.21000000,15.00000000
1604394882683,377.20000000,0.13446000,377.23000000,17.20398000
1604394883677,377.19000000,72.19866000,377.21000000,33.90527000
1604394884673,377.19000000,104.98273000,377.22000000,30.99681000
1604394885631,377.20000000,134.07509000,377.24000000,5.36358000
1604394886589,377.20000000,41.17300000,377.21000000,0.99681000
1604394887651,377.14000000,0.28371000,377.15000000,55.22122000
1604394888658,377.06000000,136.39168000,377.07000000,1.32635000
1604394889645,377.07000000,125.40722000,377.08000000,1.32635000
1604394890686,377.06000000,24.15659000,377.07000000,5.42186000
1604394891666,377.06000000,35.00000000,377.07000000,8.39186000
1604394892650,377.09000000,54.88494000,377.10000000,11.39713000
1604394893680,377.10000000,36.26781000,377.11000000,26.56354000
1604394894679,377.07000000,61.97962000,377.08000000,3.70975000
1604394895683,377.10000000,51.72900000,377.11000000,21.48098000
1604394896676,377.10000000,51.94000000,377.11000000,21.05197000
1604394897669,377.07000000,110.34139000,377.08000000,1.32635000
1604394898688,376.99000000,5.19625000,377.00000000,41.73366000
1604394899683,376.95000000,42.13365000,376.96000000,9.15175000
1604394900689,376.99000000,83.19318000,377.00000000,1.32659000
1604394901688,376.97000000,6.43035000,376.98000000,1.32663000
1604394902672,376.99000000,5.01631000,377.00000000,32.53029000
1604394903688,377.03000000,25.00000000,377.04000000,24.70006000
1604394904691,377.05000000,19.38800000,377.06000000,6.87247000
1604394905689,377.06000000,71.44275000,377.07000000,7.32635000
1604394906681,377.06000000,57.21724000,377.07000000,32.42051000
1604394907559,377.07000000,30.28662000,377.08000000,2.40389000
1604394908674,377.07000000,39.38013000,377.08000000,6.32635000
1604394909673,377.05000000,52.88668000,377.06000000,0.20755000
1604394910692,377.00000000,6.27770000,377.04000000,5.00000000
1604394911680,377.06000000,31.59721000,377.07000000,6.32649000
1604394912689,377.06000000,63.17988000,377.07000000,6.32649000
1604394913692,377.08000000,56.44489000,377.09000000,11.63259000
1604394914692,377.08000000,33.10311000,377.09000000,15.32631000
1604394915688,377.08000000,68.11671000,377.09000000,3.32631000
1604394916614,377.10000000,226.92096000,377.11000000,12.63153000
1604394917668,377.11000000,108.97961000,377.12000000,2.79358000
1604394918686,377.12000000,71.64121000,377.13000000,6.63139000
1604394919639,377.12000000,69.90663000,377.13000000,6.63139000
1604394920685,377.12000000,75.09891000,377.13000000,12.63139000
1604394921580,377.12000000,75.09891000,377.13000000,12.63139000
1604394922680,377.16000000,42.92531000,377.17000000,43.58743000
1604394923690,377.16000000,34.86517000,377.17000000,41.58743000
1604394924605,377.16000000,33.53927000,377.17000000,42.80622000
1604394925678,377.16000000,3.50059000,377.17000000,67.80622000
1604394926677,377.13000000,57.91963000,377.14000000,17.34919000
1604394927662,377.15000000,56.55959000,377.16000000,11.93650000
1604394928697,377.15000000,32.71980000,377.16000000,29.42599000
1604394929681,377.15000000,32.71980000,377.16000000,29.42599000
1604394930672,377.15000000,37.87237000,377.16000000,22.16091000
1604394931696,377.15000000,33.35919000,377.16000000,22.16091000
1604394932668,377.15000000,31.19538000,377.16000000,24.33727000
1604394933690,377.15000000,31.12981000,377.16000000,37.34919000
1604394934695,377.15000000,29.33629000,377.16000000,21.15583000
1604394935687,377.09000000,38.38434000,377.10000000,16.53945000
1604394936683,377.09000000,38.22662000,377.10000000,15.12283000
1604394937677,377.10000000,43.11312000,377.11000000,2.68846000
1604394938672,377.11000000,58.15650000,377.12000000,10.71873000
1604394939585,377.11000000,46.52366000,377.12000000,10.71873000
1604394940695,377.11000000,46.52366000,377.12000000,10.71873000
1604394941699,377.11000000,45.09602000,377.12000000,13.98150000
1604394942616,377.11000000,71.27585000,377.12000000,6.63139000
1604394943655,377.11000000,43.90359000,377.12000000,10.71854000
1604394944698,377.04000000,32.08457000,377.05000000,14.88074000
1604394945697,377.06000000,63.46019000,377.07000000,1.32649000
1604394946604,377.06000000,113.72191000,377.07000000,1.32649000
1604394947699,377.10000000,55.45406000,377.11000000,9.16713000
1604394948676,377.10000000,55.25116000,377.11000000,9.16713000
1604394949681,377.05000000,140.96222000,377.06000000,1.32635000
1604394950698,377.09000000,20.00000000,377.10000000,19.65666000
1604394951700,377.11000000,5.00000000,377.12000000,29.84443000
1604394952682,377.11000000,17.45091000,377.12000000,21.59824000
1604394953692,377.10000000,51.96999000,377.11000000,1.32628000
1604394954613,377.10000000,52.09159000,377.11000000,1.32628000
1604394955647,377.10000000,52.09159000,377.11000000,1.32628000
1604394956688,377.10000000,33.54319000,377.11000000,5.41853000
1604394957704,377.10000000,47.99736000,377.11000000,1.38755000
1604394958693,377.11000000,133.01613000,377.12000000,12.63247000
1604394959699,377.11000000,138.16703000,377.12000000,7.32708000
1604394960605,377.11000000,60.93629000,377.12000000,7.32708000
1604394961695,377.11000000,53.68510000,377.12000000,7.32708000
1604394962692,377.11000000,53.68510000,377.12000000,7.32680000
1604394963602,377.11000000,53.68510000,377.12000000,7.32680000
1604394964668,377.11000000,53.68510000,377.12000000,7.32680000
1604394965674,377.11000000,53.68510000,377.12000000,7.32680000
1604394966698,377.11000000,53.68510000,377.12000000,7.32680000
1604394967705,377.11000000,54.21544000,377.12000000,7.32680000
1604394968704,377.11000000,56.03415000,377.13000000,6.00000000
1604394969697,377.13000000,81.95633000,377.14000000,11.93650000
1604394970672,377.14000000,120.62337000,377.15000000,13.47984000
1604394971701,377.14000000,73.63684000,377.15000000,13.47984000
1604394972697,377.16000000,57.51809000,377.17000000,32.69250000
1604394973697,377.16000000,52.51809000,377.17000000,42.88066000
1604394974679,377.16000000,52.40039000,377.17000000,22.12466000
1604394975700,377.16000000,52.40039000,377.17000000,22.12466000
1604394976596,377.16000000,52.40039000,377.17000000,22.12466000
1604394977536,377.16000000,52.34137000,377.17000000,16.93650000
1604394978703,377.16000000,50.62766000,377.17000000,11.93650000
1604394979695,377.16000000,55.58275000,377.17000000,11.93650000
1604394980615,377.16000000,68.71281000,377.17000000,11.93650000
1604394981704,377.16000000,51.99290000,377.17000000,11.93650000
1604394982601,377.16000000,51.99290000,377.17000000,11.93650000
1604394983653,377.16000000,51.99290000,377.17000000,11.93650000
1604394984691,377.16000000,51.99290000,377.17000000,11.93650000
1604394985701,377.16000000,46.77009000,377.17000000,18.67607000
1604394986707,377.16000000,32.35260000,377.17000000,20.67607000
1604394987611,377.16000000,48.13123000,377.17000000,20.67607000
1604394988684,377.16000000,36.86885000,377.17000000,20.67607000
1604394989518,377.16000000,36.86885000,377.17000000,20.67607000
1604394990675,377.16000000,36.86885000,377.17000000,20.67607000
1604394991709,377.16000000,111.36885000,377.17000000,20.67607000
1604394992644,377.16000000,36.76884000,377.17000000,13.93650000
1604394993681,377.17000000,44.34500000,377.18000000,75.17752000
1604394994658,377.17000000,49.29497000,377.18000000,75.17752000
1604394995701,377.17000000,49.83328000,377.18000000,70.08580000
1604394996697,377.17000000,45.86378000,377.18000000,70.08580000
1604394997674,377.17000000,45.86378000,377.18000000,76.79745000
1604394998697,377.17000000,42.98417000,377.18000000,73.67379000
1604394999704,377.17000000,49.89437000,377.18000000,11.93650000
1604395000709,377.18000000,57.90240000,377.19000000,50.28764000
1604395001655,377.18000000,158.43619000,377.19000000,11.93650000
1604395002631,377.25000000,45.60494000,377.26000000,18.91367000
1604395003696,377.25000000,45.60494000,377.26000000,18.91367000
1604395004703,377.25000000,45.00000000,377.26000000,49.14356000
1604395005595,377.25000000,45.00000000,377.26000000,50.47539000
1604395006697,377.28000000,40.00000000,377.29000000,130.04616000
1604395007695,377.28000000,40.00000000,377.29000000,143.06498000
1604395008616,377.28000000,35.00000000,377.29000000,87.95350000
1604395009710,377.28000000,49.73934000,377.29000000,67.20000000
1604395010700,377.39000000,119.69200000,377.40000000,5.62731000
1604395011713,377.47000000,41.92475000,377.48000000,2.65185000
1604395012683,377.47000000,165.55203000,377.48000000,0.00005000
1604395013700,377.51000000,63.21420000,377.52000000,3.42205000
1604395014713,377.51000000,42.48677000,377.52000000,39.22600000
1604395015712,377.51000000,56.58745000,377.52000000,34.22600000
1604395016691,377.51000000,56.58745000,377.52000000,34.22600000
1604395017699,377.51000000,57.83132000,377.52000000,2.81309000
1604395018700,377.56000000,22.77626000,377.57000000,80.02364000
1604395019714,377.56000000,22.77626000,377.57000000,31.52364000
1604395020700,377.56000000,35.69482000,377.57000000,25.82195000
1604395021708,377.56000000,32.77626000,377.57000000,25.82195000
1604395022707,377.57000000,65.40410000,377.58000000,1.44820000
1604395023701,377.58000000,37.07000000,377.59000000,41.79744000
1604395024704,377.58000000,32.30527000,377.59000000,37.75584000
1604395025712,377.60000000,46.89164000,377.61000000,13.48031000
1604395026716,377.60000000,35.62427000,377.61000000,7.31096000
1604395027704,377.58000000,22.50857000,377.59000000,14.92302000
1604395028715,377.62000000,5.00000000,377.63000000,10.23131000
1604395029704,377.63000000,39.60714000,377.64000000,11.40000000
1604395030710,377.65000000,38.99770000,377.66000000,7.33969000
1604395031717,377.65000000,38.89870000,377.66000000,58.00000000
1604395032697,377.67000000,31.96819000,377.68000000,44.94236000
1604395033709,377.67000000,27.20957000,377.68000000,44.94236000
1604395034718,377.68000000,49.08055000,377.69000000,10.00000000
1604395035716,377.70000000,56.87554000,377.71000000,1.31434000
1604395036704,377.71000000,16.66891000,377.72000000,24.92194000
1604395037708,377.58000000,36.92160000,377.59000000,16.70750000
1604395038716,377.58000000,36.92160000,377.59000000,16.64450000
1604395039717,377.61000000,63.51232000,377.62000000,2.50513000
1604395040709,377.64000000,40.49625000,377.65000000,2.00000000
1604395041716,377.69000000,20.95284000,377.70000000,11.67298000
1604395042704,377.69000000,14.98908000,377.70000000,18.66591000
1604395043720,377.69000000,6.80462000,377.70000000,15.16260000
1604395044717,377.70000000,25.52871000,377.71000000,1.31345000
1604395045715,377.72000000,18.19685000,377.73000000,8.57198000
1604395046720,377.68000000,30.00000000,377.72000000,2.63856000
1604395047719,377.68000000,45.58382000,377.69000000,5.00000000
1604395048717,377.69000000,4.13419000,377.70000000,12.00000000
1604395049714,377.70000000,4.91552000,377.71000000,2.43913000
1604395050719,377.71000000,13.97991000,377.72000000,4.13675000
1604395051716,377.70000000,19.96034000,377.71000000,10.00000000
1604395052721,377.68000000,15.00003000,377.71000000,1.15128000
1604395053719,377.69000000,13.15435000,377.70000000,6.56434000
1604395054656,377.67000000,34.73551000,377.68000000,20.77542000
1604395055706,377.66000000,32.68384000,377.69000000,0.24910000
1604395056720,377.64000000,15.84607000,377.68000000,0.39513000
1604395057714,377.66000000,15.00000000,377.67000000,6.24874000
1604395058615,377.66000000,3.65254000,377.67000000,6.36011000
1604395059634,377.66000000,4.96820000,377.67000000,19.71996000
1604395060720,377.66000000,4.96820000,377.67000000,6.17350000
1604395061680,377.66000000,4.96820000,377.67000000,6.14554000
1604395062718,377.67000000,30.35353000,377.68000000,8.00000000
1604395063723,377.67000000,56.96992000,377.68000000,6.00000000
1604395064708,377.70000000,28.22381000,377.71000000,0.16528000
1604395065720,377.71000000,45.82616000,377.72000000,30.20042000
1604395066710,377.71000000,41.35558000,377.72000000,31.55699000
1604395067706,377.67000000,2.05366000,377.71000000,0.97845000
1604395068714,377.71000000,39.79636000,377.72000000,38.20042000
1604395069701,377.71000000,39.79636000,377.72000000,38.15752000
1604395070723,377.66000000,0.17402000,377.67000000,13.58409000
1604395071681,377.67000000,15.43060000,377.68000000,41.28989000
1604395072626,377.67000000,15.43060000,377.68000000,10.93149000
1604395073658,377.66000000,5.00000000,377.67000000,41.54625000
1604395074674,377.65000000,8.27190000,377.66000000,41.86094000
1604395075719,377.65000000,8.00740000,377.66000000,41.86094000
1604395076724,377.50000000,37.24260000,377.51000000,112.67822000
1604395077708,377.44000000,39.67732000,377.45000000,10.40039000
1604395078701,377.46000000,20.66580000,377.47000000,5.00000000
1604395079714,377.49000000,20.59852000,377.50000000,1.73921000
1604395080724,377.48000000,33.71012000,377.49000000,6.45234000
1604395081722,377.50000000,58.99390000,377.51000000,11.60680000
1604395082723,377.49000000,36.20607000,377.51000000,10.91417000
1604395083726,377.38000000,0.98593000,377.44000000,1.49926000
1604395084703,377.33000000,4.63526000,377.36000000,22.38712000
1604395085720,377.34000000,40.00000000,377.35000000,1.28400000
1604395086724,377.32000000,3.68260000,377.33000000,6.18458000
1604395087721,377.26000000,13.99764000,377.33000000,34.78487000
1604395088718,377.36000000,41.13476000,377.37000000,30.47627000
1604395089717,377.31000000,3.09423000,377.38000000,41.86788000
1604395090697,377.38000000,89.47071000,377.39000000,30.45148000
1604395091724,377.37000000,83.50000000,377.38000000,4.00000000
1604395092723,377.21000000,16.53876000,377.27000000,10.00000000
1604395093721,377.39000000,20.00000000,377.41000000,34.86527000
1604395094722,377.42000000,59.26000000,377.43000000,4.89849000
1604395095716,377.42000000,9.35144000,377.43000000,35.53976000
1604395096711,377.44000000,14.38994000,377.45000000,36.04517000
1604395097728,377.38000000,36.25221000,377.39000000,27.67400000
1604395098723,377.38000000,41.89225000,377.41000000,50.00000000
1604395099715,377.37000000,59.42948000,377.41000000,50.76448000
1604395100606,377.39000000,30.59351000,377.40000000,7.02366000
1604395101725,377.41000000,16.30371000,377.42000000,4.60000000
1604395102717,377.42000000,7.91459000,377.43000000,73.89041000
1604395103727,377.39000000,44.23163000,377.42000000,62.24934000
1604395104702,377.40000000,79.41838000,377.42000000,61.98666000
1604395105733,377.43000000,70.99466000,377.44000000,6.39259000
1604395106699,377.44000000,45.35212000,377.45000000,6.00000000
1604395107726,377.45000000,82.81128000,377.46000000,5.16244000
1604395108734,377.47000000,71.03688000,377.48000000,3.90000000
1604395109734,377.48000000,133.62567000,377.49000000,13.21468000
1604395110728,377.50000000,56.85417000,377.51000000,5.40000000
1604395111735,377.50000000,56.85417000,377.51000000,42.94300000
1604395112704,377.50000000,66.52594000,377.51000000,42.94300000
1604395113536,377.50000000,66.52594000,377.51000000,42.94300000
1604395114678,377.50000000,67.98162000,377.51000000,42.94300000
1604395115485,377.50000000,86.67136000,377.51000000,40.68495000
1604395116730,377.36000000,95.35463000,377.37000000,9.85000000
1604395117738,377.36000000,136.28682000,377.37000000,6.50097000
1604395118724,377.36000000,99.78682000,377.37000000,6.50097000
1604395119685,377.42000000,30.00000000,377.43000000,16.75210000
1604395120742,377.39000000,85.11869000,377.43000000,4.53048000
1604395121743,377.35000000,9.96999000,377.36000000,5.00000000
1604395122742,377.28000000,11.94614000,377.29000000,10.00000000
1604395123688,377.28000000,11.52685000,377.29000000,13.90000000
1604395124737,377.27000000,6.18735000,377.30000000,12.15667000
1604395125689,377.25000000,5.00000000,377.26000000,5.99177000
1604395126742,377.23000000,60.70957000,377.27000000,20.29749000
1604395127708,377.26000000,5.00000000,377.27000000,1.28400000
1604395128737,377.26000000,5.00000000,377.27000000,0.21247000
1604395129739,377.15000000,5.00000000,377.17000000,1.13118000
1604395130737,377.16000000,15.15320000,377.17000000,8.98509000
1604395131714,377.16000000,41.00226000,377.17000000,10.00000000
1604395132733,377.18000000,3.67430000,377.19000000,15.00387000
1604395133587,377.16000000,77.61439000,377.17000000,10.00000000
1604395134733,377.18000000,7.23038000,377.19000000,10.28993000
1604395135737,377.14000000,3.34892000,377.15000000,9.70000000
1604395136738,377.11000000,12.08613000,377.12000000,0.88762000
1604395137739,377.08000000,6.28196000,377.09000000,6.54808000
1604395138740,377.05000000,89.47328000,377.06000000,2.00000000
1604395139744,377.09000000,4.84816000,377.10000000,8.00000000
1604395140686,377.10000000,85.04284000,377.11000000,5.00000000
1604395141744,377.12000000,20.00000000,377.13000000,2.00000000
1604395142745,377.04000000,3.86512000,377.11000000,1.28400000
1604395143745,377.09000000,25.05342000,377.10000000,10.17651000
1604395144751,377.10000000,12.65663000,377.11000000,2.17597000
1604395145681,377.10000000,5.00000000,377.11000000,2.45955000
1604395146554,377.09000000,4.83174000,377.12000000,6.00000000
1604395147731,377.09000000,28.86500000,377.10000000,12.35597000
1604395148725,377.08000000,73.54082000,377.10000000,7.35597000
1604395149719,377.11000000,112.66859000,377.12000000,0.19423000
1604395150752,377.12000000,5.00000000,377.13000000,32.16100000
1604395151750,377.08000000,4.49063000,377.09000000,5.00000000
1604395152753,377.08000000,6.94142000,377.11000000,5.00000000
1604395153752,377.08000000,9.37567000,377.09000000,1.32673000
1604395154730,377.12000000,35.96585000,377.13000000,16.99474000
1604395155734,377.12000000,35.96585000,377.13000000,26.78110000
1604395156644,377.13000000,50.89845000,377.14000000,35.57003000
1604395157752,376.98000000,11.36170000,376.99000000,3.03401000
1604395158683,377.00000000,8.13282000,377.02000000,3.66775000
1604395159700,377.00000000,3.86552000,377.01000000,0.27748000
1604395160747,377.00000000,3.86552000,377.01000000,0.27748000
1604395161699,377.02000000,8.30643000,377.03000000,40.93992000
1604395162684,377.00000000,5.44126000,377.01000000,35.10939000
1604395163746,377.06000000,29.25125000,377.07000000,5.85630000
1604395164757,377.12000000,128.98431000,377.13000000,1.00000000
1604395165705,377.12000000,31.01868000,377.13000000,1.00000000
1604395166755,377.15000000,23.27307000,377.16000000,4.66619000
1604395167749,377.15000000,4.74338000,377.16000000,11.33255000
1604395168751,377.13000000,81.74757000,377.14000000,0.40000000
1604395169745,377.13000000,36.27441000,377.14000000,2.20000000
1604395170704,377.10000000,13.15359000,377.11000000,4.43723000
1604395171714,377.12000000,38.95101000,377.13000000,0.57135000
1604395172750,377.17000000,161.56926000,377.18000000,1.00000000
1604395173689,377.18000000,20.00000000,377.19000000,22.59720000
1604395174759,377.18000000,5.00000000,377.19000000,3.80394000
1604395175757,377.20000000,52.63910000,377.21000000,5.20000000
1604395176760,377.20000000,49.23959000,377.21000000,9.20000000
1604395177719,377.21000000,42.46927000,377.22000000,61.48128000
1604395178757,377.21000000,46.99195000,377.22000000,54.83039000
1604395179742,377.22000000,62.60308000,377.23000000,8.00000000
1604395180759,377.23000000,143.72426000,377.24000000,0.30000000
1604395181759,377.27000000,29.08687000,377.28000000,7.00000000
1604395182747,377.27000000,46.00653000,377.28000000,19.60000000
1604395183748,377.30000000,30.22480000,377.31000000,17.83218000
1604395184735,377.30000000,30.22480000,377.31000000,17.83218000
1604395185757,377.24000000,23.88265000,377.31000000,14.94555000
1604395186744,377.21000000,39.52252000,377.25000000,1.02203000
1604395187762,377.23000000,11.98400000,377.24000000,10.00000000
1604395188761,377.24000000,68.09216000,377.25000000,1.60000000
1604395189692,377.24000000,68.09216000,377.25000000,1.60000000
1604395190690,377.24000000,65.73816000,377.25000000,1.60000000
1604395191764,377.28000000,91.56270000,377.29000000,10.15449000
1604395192761,377.34000000,78.04963000,377.35000000,3.90000000
1604395193760,377.34000000,77.89690000,377.35000000,3.90000000
1604395194754,377.43000000,57.10142000,377.44000000,5.00000000
1604395195753,377.43000000,40.05019000,377.44000000,17.26648000
1604395196759,377.43000000,10.05019000,377.44000000,17.26648000
1604395197719,377.43000000,4.83315000,377.44000000,26.52036000
1604395198753,377.43000000,15.28218000,377.44000000,4.92199000
1604395199747,377.43000000,25.65193000,377.44000000,4.58679000
1604395200767,377.44000000,58.81467000,377.45000000,2.65150000
1604395201749,377.49000000,70.69902000,377.50000000,2.00000000
1604395202729,377.49000000,70.69902000,377.50000000,2.00000000
1604395203768,377.52000000,67.68662000,377.53000000,29.05185000
1604395204591,377.52000000,36.58662000,377.53000000,29.24315000
1604395205750,377.52000000,66.58662000,377.53000000,26.40000000
1604395206748,377.52000000,66.53399000,377.53000000,26.40000000
1604395207768,377.52000000,66.53399000,377.53000000,26.40000000
1604395208769,377.52000000,109.88053000,377.53000000,7.60000000
1604395209767,377.56000000,43.62741000,377.57000000,4.17245000
1604395210758,377.51000000,2.72709000,377.52000000,40.21703000
1604395211758,377.50000000,5.26264000,377.51000000,42.83302000
1604395212768,377.53000000,10.38108000,377.54000000,10.19851000
1604395213751,377.54000000,5.33288000,377.56000000,2.69253000
1604395214638,377.54000000,57.66578000,377.55000000,5.49892000
1604395215694,377.54000000,37.66578000,377.55000000,5.49892000
1604395216758,377.52000000,30.14008000,377.53000000,8.72920000
1604395217769,377.53000000,20.00000000,377.54000000,26.13281000
1604395218751,377.50000000,5.00000000,377.51000000,13.24049000
1604395219733,377.47000000,40.56488000,377.48000000,9.67400000
1604395220731,377.47000000,45.74562000,377.48000000,12.00402000
1604395221762,377.36000000,1.22745000,377.37000000,8.29886000
1604395222769,377.32000000,3.90000000,377.35000000,3.36337000
1604395223747,377.32000000,3.90000000,377.34000000,2.67905000
1604395224772,377.35000000,134.51956000,377.36000000,0.13407000
1604395225767,377.44000000,159.65928000,377.45000000,3.90000000
1604395226772,377.44000000,32.30639000,377.45000000,8.15760000
1604395227749,377.44000000,30.22891000,377.45000000,8.15760000
1604395228749,377.42000000,5.00000000,377.43000000,2.24011000
1604395229760,377.42000000,5.00000000,377.43000000,32.49047000
1604395230712,377.42000000,2.01744000,377.43000000,41.53951000
1604395231767,377.45000000,109.58552000,377.46000000,2.77735000
1604395232740,377.45000000,64.08552000,377.46000000,0.00035000
1604395233746,377.48000000,35.40902000,377.49000000,2.48356000
1604395234766,377.48000000,35.37772000,377.49000000,2.90137000
1604395235646,377.48000000,24.06264000,377.49000000,0.61781000
1604395236771,377.43000000,25.59593000,377.45000000,31.09382000
1604395237774,377.40000000,93.84803000,377.41000000,5.00000000
1604395238773,377.43000000,21.43615000,377.44000000,35.00000000
1604395239775,377.43000000,0.70552000,377.44000000,38.78416000
1604395240722,377.41000000,5.00000000,377.42000000,3.21420000
1604395241771,377.31000000,46.57500000,377.32000000,9.51535000
1604395242757,377.33000000,9.75852000,377.35000000,9.80839000
1604395243769,377.34000000,10.00000000,377.35000000,12.16606000
1604395244778,377.34000000,126.23445000,377.35000000,0.53520000
1604395245747,377.34000000,66.32745000,377.35000000,0.53520000
1604395246779,377.32000000,20.54569000,377.33000000,33.60072000
1604395247765,377.32000000,51.35959000,377.33000000,0.03964000
1604395248778,377.33000000,6.59710000,377.35000000,1.05130000
1604395249750,377.31000000,14.58839000,377.32000000,5.52836000
1604395250754,377.31000000,14.55821000,377.32000000,5.25329000
1604395251729,377.31000000,7.99820000,377.32000000,6.64340000
1604395252762,377.30000000,19.69010000,377.31000000,9.32913000
1604395253777,377.30000000,24.69010000,377.31000000,9.56517000
1604395254756,377.30000000,24.69010000,377.31000000,0.23604000
1604395255762,377.30000000,79.68037000,377.31000000,0.23604000
1604395256767,377.31000000,173.42139000,377.32000000,0.12090000
1604395257757,377.38000000,63.05070000,377.39000000,8.66500000
1604395258763,377.38000000,61.75181000,377.39000000,4.76500000
1604395259682,377.38000000,61.71983000,377.39000000,10.76500000
1604395260658,377.38000000,61.45514000,377.39000000,15.76500000
1604395261722,377.38000000,61.45514000,377.39000000,15.76500000
1604395262751,377.38000000,41.45514000,377.39000000,6.60000000
1604395263782,377.34000000,24.08945000,377.35000000,6.75584000
1604395264764,377.31000000,30.14315000,377.32000000,4.65500000
1604395265782,377.31000000,3.67500000,377.32000000,11.12129000
1604395266771,377.31000000,117.05275000,377.32000000,0.40000000
1604395267756,377.32000000,5.46742000,377.35000000,5.50341000
1604395268754,377.31000000,57.47026000,377.32000000,5.00000000
1604395269778,377.33000000,172.69269000,377.34000000,6.00000000
1604395270784,377.38000000,78.01510000,377.39000000,10.96918000
1604395271754,377.33000000,9.87704000,377.34000000,3.55300000
1604395272749,377.35000000,67.69174000,377.36000000,7.63000000
1604395273779,377.34000000,5.13827000,377.35000000,6.28400000
1604395274763,377.34000000,75.29420000,377.35000000,11.00000000
1604395275739,377.34000000,99.65978000,377.35000000,6.00000000
1604395276759,377.34000000,41.41566000,377.35000000,6.62539000
1604395277773,377.34000000,14.84308000,377.35000000,43.71729000
1604395278749,377.34000000,14.84308000,377.35000000,13.42579000
1604395279785,377.32000000,46.30126000,377.35000000,35.67480000
1604395280775,377.34000000,65.14567000,377.35000000,6.33374000
1604395281783,377.34000000,65.14567000,377.35000000,6.33374000
1604395282769,377.34000000,65.14567000,377.35000000,6.21374000
1604395283753,377.34000000,60.20232000,377.35000000,5.55480000
1604395284670,377.34000000,61.01266000,377.35000000,6.21374000
1604395285703,377.34000000,56.01266000,377.35000000,11.21374000
1604395286662,377.34000000,61.01266000,377.35000000,6.21374000
1604395287752,377.34000000,61.01266000,377.35000000,6.21374000
1604395288774,377.34000000,156.95400000,377.35000000,5.55480000
1604395289773,377.36000000,45.01591000,377.37000000,6.00000000
1604395290760,377.36000000,40.01591000,377.37000000,11.00000000
1604395291772,377.36000000,39.98577000,377.37000000,11.00000000
1604395292792,377.36000000,47.16589000,377.37000000,3.63348000
1604395293772,377.38000000,48.55740000,377.39000000,26.36682000
1604395294729,377.38000000,43.55740000,377.39000000,30.79848000
1604395295789,377.38000000,0.05725000,377.39000000,61.45705000
1604395296788,377.38000000,0.00025000,377.39000000,74.59703000
1604395297762,377.38000000,0.00025000,377.39000000,55.84103000
1604395298783,377.35000000,5.69763000,377.36000000,14.34756000
1604395299698,377.35000000,0.03991000,377.36000000,3.08062000
1604395300783,377.35000000,0.00995000,377.36000000,11.41024000
1604395301783,377.33000000,48.96896000,377.34000000,1.28400000
1604395302763,377.35000000,5.00000000,377.36000000,3.03863000
1604395303770,377.34000000,0.03109000,377.35000000,41.51110000
1604395304783,377.34000000,5.03109000,377.35000000,41.51110000
1604395305669,377.34000000,0.03109000,377.35000000,41.51110000
1604395306762,377.34000000,0.03109000,377.35000000,41.51110000
1604395307755,377.34000000,5.03109000,377.35000000,36.51110000
1604395308748,377.34000000,0.00067000,377.35000000,41.51110000
1604395309775,377.33000000,153.03254000,377.34000000,17.36023000
1604395310680,377.33000000,57.39736000,377.34000000,25.14650000
1604395311702,377.33000000,29.88536000,377.34000000,35.18350000
1604395312719,377.33000000,29.88536000,377.34000000,35.18350000
1604395313790,377.31000000,25.00000000,377.32000000,8.32378000
1604395314720,377.31000000,57.59331000,377.32000000,8.32378000
1604395315772,377.31000000,37.59331000,377.32000000,8.32378000
1604395316707,377.31000000,37.56359000,377.32000000,8.32378000
1604395317786,377.31000000,37.81656000,377.32000000,4.86947000
1604395318794,377.31000000,2.31998000,377.32000000,34.86947000
1604395319789,377.31000000,57.77764000,377.32000000,18.08289000
1604395320762,377.31000000,57.77061000,377.32000000,15.30531000
1604395321782,377.32000000,75.78178000,377.33000000,3.20000000
1604395322798,377.32000000,75.78178000,377.33000000,3.20000000
1604395323749,377.32000000,52.90178000,377.33000000,12.00000000
1604395324794,377.32000000,53.29101000,377.33000000,24.65944000
1604395325800,377.32000000,14.88652000,377.33000000,24.65944000
1604395326793,377.28000000,35.73061000,377.31000000,9.87306000
1604395327800,377.31000000,5.00000000,377.32000000,18.01127000
1604395328797,377.28000000,5.43885000,377.29000000,8.06598000
1604395329789,377.27000000,53.33642000,377.28000000,0.12930000
1604395330713,377.29000000,30.00000000,377.30000000,14.73109000
1604395331798,377.31000000,35.85257000,377.32000000,9.34882000
1604395332761,377.31000000,52.64198000,377.32000000,8.06482000
1604395333776,377.31000000,52.94037000,377.32000000,5.00000000
1604395334800,377.31000000,52.94037000,377.32000000,5.00000000
1604395335752,377.31000000,57.31565000,377.32000000,1.28400000
1604395336793,377.31000000,57.11145000,377.32000000,9.80316000
1604395337802,377.31000000,50.01131000,377.32000000,4.87031000
1604395338802,377.29000000,12.85057000,377.30000000,10.00000000
1604395339798,377.31000000,61.65628000,377.32000000,12.38339000
1604395340803,377.31000000,56.03435000,377.32000000,17.79732000
1604395341498,377.31000000,66.62429000,377.32000000,4.49330000
1604395342792,377.31000000,66.35955000,377.32000000,4.49330000
1604395343588,377.31000000,66.35955000,377.32000000,4.49330000
1604395344792,377.31000000,66.41086000,377.32000000,4.49330000
1604395345790,377.32000000,137.48200000,377.33000000,14.44840000
1604395346803,377.32000000,137.48200000,377.33000000,14.44840000
1604395347801,377.32000000,67.48200000,377.33000000,14.44840000
1604395348729,377.32000000,67.48200000,377.33000000,18.39610000
1604395349777,377.32000000,67.45133000,377.33000000,18.39610000
1604395350791,377.32000000,68.67088000,377.33000000,14.44840000
1604395351798,377.32000000,68.67088000,377.33000000,15.55975000
1604395352730,377.32000000,68.67088000,377.33000000,15.55975000
1604395353800,377.32000000,68.67088000,377.33000000,15.55975000
1604395354802,377.31000000,30.02265000,377.32000000,26.11094000
1604395355805,377.31000000,5.00000000,377.32000000,1.28400000
1604395356805,377.31000000,61.92150000,377.32000000,23.28752000
1604395357783,377.31000000,47.61963000,377.32000000,17.84195000
1604395358808,377.32000000,73.90513000,377.33000000,14.44840000
1604395359809,377.27000000,64.77496000,377.28000000,5.25000000
1604395360805,377.26000000,0.27697000,377.29000000,2.48004000
1604395361808,377.30000000,35.00000000,377.31000000,22.15107000
1604395362802,377.30000000,34.73526000,377.31000000,9.45125000
1604395363786,377.30000000,4.73526000,377.31000000,29.82430000
1604395364799,377.30000000,3.75436000,377.31000000,59.82430000
1604395365773,377.30000000,3.75436000,377.31000000,59.82430000
1604395366811,377.30000000,3.72313000,377.31000000,59.82430000
1604395367803,377.26000000,35.00000000,377.27000000,18.63294000
1604395368809,377.31000000,79.40512000,377.32000000,0.18290000
1604395369802,377.32000000,68.80089000,377.33000000,2.44840000
1604395370805,377.32000000,68.80089000,377.33000000,2.44840000
1604395371804,377.29000000,35.18438000,377.30000000,3.56559000
1604395372804,377.31000000,5.00000000,377.32000000,54.81034000
1604395373812,377.31000000,5.00000000,377.32000000,54.58150000
1604395374804,377.31000000,4.96932000,377.32000000,61.44552000
1604395375522,377.31000000,4.96932000,377.32000000,61.44552000
1604395376802,377.29000000,9.31998000,377.32000000,40.09353000
1604395377769,377.33000000,79.76008000,377.34000000,1.99933000
1604395378684,377.33000000,79.76008000,377.34000000,1.99933000
1604395379805,377.33000000,79.82447000,377.34000000,1.93494000
1604395380810,377.33000000,79.25862000,377.34000000,6.93494000
1604395381803,377.33000000,30.00000000,377.34000000,48.82967000
1604395382805,377.30000000,42.75174000,377.31000000,5.00000000
1604395383806,377.30000000,12.48700000,377.31000000,43.48986000
1604395384778,377.30000000,6.00286000,377.31000000,43.48986000
1604395385817,377.30000000,24.35729000,377.31000000,44.69750000
1604395386802,377.30000000,24.35729000,377.31000000,44.69750000
1604395387802,377.30000000,24.38948000,377.31000000,34.96000000
1604395388807,377.30000000,33.73422000,377.31000000,29.96780000
1604395389754,377.30000000,33.73422000,377.31000000,29.96780000
1604395390814,377.30000000,21.36967000,377.31000000,36.19085000
1604395391809,377.30000000,30.45858000,377.31000000,37.54862000
1604395392815,377.31000000,55.76993000,377.32000000,6.62787000
1604395393784,377.31000000,15.00000000,377.32000000,44.18556000
1604395394715,377.31000000,15.00000000,377.32000000,44.18556000
1604395395809,377.28000000,63.00195000,377.29000000,1.32557000
1604395396818,377.30000000,4.97029000,377.31000000,1.32557000
1604395397710,377.30000000,4.97029000,377.31000000,7.28828000
1604395398812,377.30000000,4.97029000,377.31000000,7.28828000
1604395399775,377.29000000,51.61232000,377.30000000,1.32557000
1604395400640,377.29000000,51.49481000,377.30000000,1.32557000
1604395401822,377.27000000,0.15657000,377.28000000,56.28323000
1604395402748,377.27000000,45.74681000,377.28000000,20.31861000
1604395403760,377.27000000,29.89180000,377.28000000,28.47289000
1604395404811,377.28000000,54.17811000,377.29000000,21.12561000
1604395405817,377.30000000,58.02617000,377.31000000,7.28828000
1604395406822,377.30000000,58.02607000,377.31000000,7.28828000
1604395407824,377.30000000,52.01111000,377.31000000,7.28828000
1604395408772,377.30000000,4.58989000,377.31000000,39.83526000
1604395409812,377.30000000,14.58989000,377.31000000,39.83526000
1604395410822,377.30000000,14.55205000,377.31000000,39.83526000
1604395411823,377.29000000,49.49692000,377.30000000,2.31066000
1604395412697,377.29000000,5.00000000,377.30000000,32.96636000
1604395413826,377.30000000,45.00000000,377.31000000,7.93615000
1604395414792,377.30000000,35.16350000,377.31000000,8.24740000
1604395415799,377.27000000,54.35214000,377.28000000,2.13915000
1604395416792,377.28000000,76.12100000,377.29000000,1.32566000
1604395417778,377.30000000,58.15134000,377.31000000,12.59093000
1604395418822,377.28000000,35.06994000,377.31000000,31.03612000
1604395419790,377.28000000,30.00000000,377.29000000,17.15665000
1604395420820,377.28000000,61.91276000,377.29000000,1.32561000
1604395421827,377.29000000,50.85717000,377.30000000,1.32561000
1604395422822,377.29000000,4.07457000,377.30000000,48.28997000
1604395423665,377.26000000,80.80661000,377.27000000,1.32561000
1604395424827,377.26000000,29.35200000,377.27000000,18.63263000
1604395425811,377.26000000,72.37791000,377.27000000,1.32561000
1604395426828,377.26000000,80.47979000,377.27000000,1.32561000
1604395427784,377.28000000,24.96818000,377.29000000,33.06976000
1604395428826,377.25000000,101.50364000,377.26000000,2.73311000
1604395429825,377.27000000,26.00872000,377.28000000,34.04296000
1604395430829,377.30000000,5.00000000,377.31000000,13.42203000
1604395431796,377.30000000,69.93888000,377.31000000,15.21740000
1604395432826,377.30000000,33.60417000,377.31000000,7.86398000
1604395433750,377.30000000,69.50387000,377.31000000,12.86391000
1604395434829,377.30000000,53.31537000,377.31000000,14.49686000
1604395435816,377.30000000,11.72116000,377.31000000,14.59582000
1604395436823,377.28000000,79.28023000,377.29000000,2.12554000
1604395437830,377.25000000,78.45668000,377.28000000,2.33522000
1604395438828,377.28000000,48.54303000,377.29000000,5.92554000
1604395439817,377.28000000,48.11353000,377.29000000,5.72554000
1604395440805,377.29000000,75.55250000,377.30000000,1.52554000
1604395441822,377.29000000,51.98616000,377.30000000,6.52554000
1604395442819,377.30000000,79.62430000,377.31000000,7.41617000
1604395443831,377.30000000,24.62430000,377.31000000,42.28826000
1604395444832,377.28000000,73.76555000,377.29000000,10.51600000
1604395445820,377.28000000,109.25050000,377.29000000,8.51600000
1604395446799,377.29000000,65.90635000,377.30000000,3.32550000
1604395447777,377.26000000,18.56531000,377.27000000,43.24437000
1604395448811,377.26000000,5.00000000,377.27000000,2.97220000
1604395449831,377.26000000,38.93277000,377.27000000,1.32561000
1604395450791,377.26000000,38.88807000,377.27000000,1.32561000
1604395451834,377.26000000,7.75254000,377.27000000,2.69567000
1604395452800,377.26000000,43.86381000,377.27000000,1.32561000
1604395453829,377.26000000,71.63805000,377.27000000,1.32561000
1604395454833,377.30000000,116.64056000,377.31000000,1.32561000
1604395455746,377.30000000,116.64056000,377.31000000,1.32561000
1604395456827,377.30000000,119.64056000,377.31000000,1.32561000
1604395457832,377.31000000,11.92777000,377.32000000,32.91466000
1604395458754,377.31000000,11.92777000,377.32000000,32.91466000
1604395459827,377.30000000,3.00000000,377.31000000,17.24324000
1604395460739,377.30000000,50.00397000,377.31000000,1.46970000
1604395461779,377.30000000,50.05697000,377.31000000,1.46970000
1604395462836,377.30000000,20.05697000,377.31000000,1.46970000
1604395463829,377.30000000,50.05697000,377.31000000,1.46970000
1604395464823,377.30000000,14.79223000,377.31000000,6.46970000
1604395465821,377.30000000,64.79223000,377.31000000,6.46970000
1604395466827,377.30000000,44.47323000,377.31000000,6.46970000
1604395467806,377.30000000,64.47323000,377.31000000,6.46970000
1604395468807,377.30000000,8.77041000,377.31000000,12.80022000
1604395469797,377.30000000,38.77041000,377.31000000,6.46970000
1604395470831,377.30000000,49.26117000,377.31000000,6.46970000
1604395471823,377.30000000,64.26117000,377.31000000,4.91419000
1604395472839,377.30000000,64.00385000,377.31000000,4.91419000
1604395473788,377.30000000,63.98143000,377.31000000,4.91419000
1604395474796,377.30000000,44.21892000,377.31000000,11.23969000
1604395475835,377.30000000,15.07884000,377.31000000,21.23969000
1604395476794,377.30000000,9.44820000,377.31000000,21.23969000
1604395477803,377.30000000,47.22771000,377.31000000,21.19994000
1604395478838,377.30000000,47.22771000,377.31000000,11.19994000
1604395479708,377.30000000,42.22771000,377.31000000,11.19994000
1604395480769,377.30000000,42.22771000,377.31000000,11.19994000
1604395481821,377.30000000,12.69373000,377.31000000,21.19994000
1604395482822,377.30000000,6.91254000,377.31000000,21.19994000
1604395483840,377.30000000,60.80128000,377.31000000,13.89694000
1604395484835,377.30000000,60.80128000,377.31000000,9.87444000
1604395485837,377.30000000,59.59094000,377.31000000,9.87444000
1604395486824,377.30000000,79.59094000,377.31000000,9.87444000
1604395487684,377.30000000,79.59094000,377.31000000,9.87444000
1604395488821,377.30000000,79.59094000,377.31000000,9.87444000
1604395489846,377.30000000,79.59094000,377.31000000,9.87444000
1604395490680,377.31000000,181.40013000,377.32000000,0.04865000
1604395491840,377.31000000,181.23248000,377.32000000,0.00065000
1604395492828,377.31000000,176.36268000,377.32000000,0.00065000
1604395493797,377.31000000,76.29313000,377.32000000,7.14709000
1604395494788,377.31000000,47.33602000,377.32000000,9.33520000
1604395495798,377.31000000,47.33602000,377.32000000,9.33520000
1604395496820,377.31000000,78.81932000,377.32000000,6.91009000
1604395497847,377.33000000,36.13168000,377.34000000,17.88805000
1604395498596,377.33000000,53.20287000,377.34000000,7.19593000
1604395499845,377.33000000,53.01124000,377.34000000,12.19593000
1604395500839,377.33000000,53.36070000,377.34000000,12.19593000
1604395501807,377.33000000,22.46270000,377.34000000,22.61092000
1604395502847,377.33000000,81.20528000,377.34000000,7.57607000
1604395503685,377.33000000,76.20528000,377.34000000,11.25071000
1604395504848,377.33000000,56.20528000,377.34000000,11.25071000
1604395505824,377.33000000,53.44987000,377.34000000,21.25071000
1604395506801,377.33000000,67.46925000,377.34000000,12.57611000
1604395507815,377.33000000,64.65159000,377.34000000,19.34565000
1604395508843,377.33000000,91.11653000,377.34000000,12.16042000
1604395509802,377.33000000,1.46494000,377.34000000,30.63337000
1604395510845,377.32000000,3.00000000,377.33000000,18.27781000
1604395511842,377.32000000,3.00000000,377.33000000,18.30793000
1604395512844,377.31000000,119.92782000,377.32000000,1.32550000
1604395513798,377.33000000,43.68965000,377.34000000,19.95881000
1604395514845,377.33000000,43.68965000,377.34000000,19.95881000
1604395515799,377.33000000,68.68965000,377.34000000,13.48592000
1604395516773,377.33000000,72.56353000,377.34000000,15.01374000
1604395517790,377.33000000,72.56353000,377.34000000,18.48582000
1604395518828,377.33000000,51.57033000,377.34000000,18.48582000
1604395519841,377.33000000,75.56538000,377.34000000,13.27082000
1604395520847,377.33000000,113.44787000,377.34000000,13.27082000
1604395521730,377.33000000,143.71827000,377.34000000,13.27082000
1604395522850,377.33000000,143.40467000,377.34000000,5.98271000
1604395523840,377.48000000,150.27289000,377.49000000,3.90000000
1604395524855,377.48000000,170.21549000,377.49000000,4.69257000
1604395525858,377.48000000,170.21549000,377.49000000,3.37238000
1604395526807,377.48000000,169.95087000,377.49000000,0.37238000
1604395527858,377.48000000,83.95087000,377.49000000,10.37238000
1604395528852,377.48000000,156.11921000,377.49000000,0.24669000
1604395529736,377.48000000,89.61921000,377.49000000,0.24669000
1604395530646,377.48000000,89.61921000,377.49000000,0.24669000
1604395531850,377.53000000,61.34742000,377.54000000,11.01694000
1604395532771,377.53000000,77.10910000,377.54000000,11.01694000
1604395533808,377.53000000,68.57485000,377.54000000,11.01694000
1604395534862,377.59000000,80.72446000,377.60000000,1.32480000
1604395535854,377.59000000,112.06639000,377.60000000,1.32480000
1604395536857,377.61000000,128.42435000,377.62000000,5.22459000
1604395537861,377.62000000,84.02176000,377.63000000,0.00013000
1604395538818,377.62000000,134.89783000,377.63000000,0.00013000
1604395539834,377.62000000,134.67075000,377.63000000,0.00013000
1604395540852,377.74000000,87.84154000,377.75000000,5.22403000
1604395541861,377.74000000,81.36646000,377.75000000,5.03342000
1604395542861,377.79000000,207.19708000,377.80000000,4.31038000
1604395543864,377.81000000,205.66288000,377.82000000,0.00022000
1604395544834,377.81000000,209.62986000,377.82000000,0.00022000
1604395545865,377.81000000,189.62986000,377.82000000,0.00022000
1604395546865,377.82000000,205.90455000,377.83000000,0.00041000
1604395547823,377.83000000,256.32653000,377.84000000,9.02943000
1604395548852,377.83000000,256.32653000,377.84000000,9.02943000
1604395549863,377.83000000,268.80537000,377.84000000,0.00050000
1604395550861,377.83000000,269.80536000,377.84000000,0.00050000
1604395551850,377.83000000,274.80537000,377.84000000,0.00050000
1604395552867,377.83000000,272.51988000,377.84000000,0.00050000
1604395553865,377.76000000,37.93082000,377.77000000,21.19375000
1604395554864,377.79000000,95.45860000,377.80000000,10.23517000
1604395555841,377.80000000,2.76163000,377.81000000,31.26366000
1604395556867,377.74000000,46.00959000,377.75000000,10.00000000
1604395557867,377.82000000,73.35442000,377.83000000,90.85126000
1604395558833,377.81000000,84.22108000,377.82000000,5.00000000
1604395559868,377.85000000,6.42762000,377.86000000,6.32378000
1604395560865,377.83000000,31.89327000,377.84000000,6.32378000
1604395561855,377.83000000,31.89327000,377.84000000,6.32378000
1604395562863,377.83000000,62.28288000,377.84000000,6.28475000
1604395563867,377.83000000,30.60927000,377.84000000,6.11275000
1604395564855,377.86000000,89.05217000,377.87000000,0.25073000
1604395565865,377.86000000,42.84691000,377.87000000,8.74552000
1604395566850,377.86000000,80.99931000,377.87000000,5.00000000
1604395567865,377.86000000,40.98872000,377.87000000,5.00000000
1604395568864,377.86000000,3.93422000,377.87000000,5.00000000
1604395569868,377.87000000,81.37368000,377.88000000,1.32354000
1604395570844,377.87000000,81.20837000,377.88000000,4.94000000
1604395571866,377.89000000,65.29220000,377.90000000,6.32343000
1604395572871,377.89000000,39.28865000,377.90000000,17.66815000
1604395573869,377.89000000,64.75407000,377.90000000,17.66815000
1604395574827,377.89000000,54.13902000,377.90000000,6.32343000
1604395575836,377.89000000,21.24003000,377.90000000,6.32343000
1604395576805,377.89000000,51.92252000,377.90000000,6.32343000
1604395577799,377.89000000,51.74202000,377.90000000,6.32343000
1604395578814,377.89000000,51.74202000,377.90000000,6.32343000
1604395579807,377.89000000,45.03656000,377.90000000,6.32343000
1604395580863,377.90000000,56.40848000,377.91000000,6.32350000
1604395581808,377.90000000,10.00000000,377.91000000,21.11454000
1604395582741,377.90000000,10.62538000,377.91000000,21.11454000
1604395583689,377.90000000,7.39427000,377.91000000,21.11454000
1604395584829,377.90000000,7.09700000,377.91000000,15.09768000
1604395585820,377.90000000,45.19595000,377.91000000,11.56897000
1604395586875,377.90000000,26.44653000,377.91000000,6.27495000
1604395587810,377.90000000,46.28338000,377.91000000,6.27495000
1604395588858,377.92000000,141.08660000,377.93000000,6.00000000
1604395589874,377.96000000,225.64969000,377.97000000,0.02902000
1604395590858,377.96000000,243.71117000,377.97000000,0.02902000
1604395591822,377.96000000,243.65827000,377.97000000,0.02902000
1604395592878,378.07000000,102.02627000,378.08000000,5.25305000
1604395593868,378.07000000,0.00004000,378.08000000,51.83325000
1604395594879,378.07000000,52.80403000,378.08000000,1.83015000
1604395595878,377.98000000,3.75877000,377.99000000,4.56000000
1604395596870,378.01000000,117.97160000,378.02000000,0.44906000
1604395597821,378.01000000,118.05268000,378.02000000,0.44906000
1604395598854,378.01000000,18.06747000,378.02000000,18.27675000
1604395599878,378.01000000,42.36736000,378.05000000,28.79838000
1604395600873,378.00000000,16.32261000,378.01000000,28.26493000
1604395601830,377.95000000,75.15535000,377.96000000,4.88210000
1604395602869,378.04000000,158.32170000,378.05000000,1.60484000
1604395603871,378.04000000,20.00000000,378.05000000,13.54395000
1604395604877,378.08000000,19.36807000,378.09000000,20.87582000
1604395605873,378.05000000,20.13896000,378.06000000,5.00000000
1604395606872,378.06000000,57.14074000,378.07000000,5.00000000
1604395607850,378.08000000,64.03418000,378.09000000,4.64561000
1604395608859,378.08000000,43.34540000,378.09000000,4.64561000
1604395609879,378.08000000,55.28672000,378.09000000,1.32277000
1604395610788,378.08000000,113.83206000,378.09000000,1.32277000
1604395611882,377.97000000,30.00000000,377.98000000,67.64832000
1604395612871,377.95000000,5.00000000,377.96000000,38.93178000
1604395613869,377.95000000,5.00000000,377.96000000,50.23416000
1604395614871,377.94000000,4.90890000,377.95000000,21.75155000
1604395615870,377.94000000,44.68771000,377.95000000,20.11632000
1604395616859,377.95000000,128.52765000,377.96000000,1.32322000
1604395617886,377.95000000,62.02765000,377.96000000,1.32322000
1604395618850,377.95000000,65.02765000,377.96000000,1.32322000
1604395619835,377.96000000,39.28081000,377.97000000,43.18887000
1604395620875,377.95000000,3.00000000,377.96000000,38.89371000
1604395621844,377.95000000,18.33651000,377.96000000,16.40838000
1604395622783,377.95000000,33.99653000,377.96000000,12.70144000
1604395623827,377.95000000,72.52067000,377.96000000,1.32322000
1604395624844,377.95000000,118.56433000,377.96000000,1.32322000
1604395625856,377.98000000,1.38741000,377.99000000,101.02581000
1604395626859,377.98000000,6.38741000,377.99000000,96.02581000
1604395627877,377.96000000,18.18501000,377.97000000,36.80133000
1604395628759,377.96000000,14.51085000,377.97000000,23.03583000
1604395629872,377.89000000,1.64420000,377.90000000,49.94674000
1604395630862,377.88000000,6.30938000,377.89000000,39.47947000
1604395631874,377.88000000,7.83280000,377.89000000,44.47947000
1604395632889,377.87000000,11.49635000,377.88000000,0.10700000
1604395633858,377.85000000,37.60834000,377.86000000,26.66868000
1604395634887,377.87000000,49.56529000,377.88000000,1.32350000
1604395635872,377.87000000,49.56529000,377.88000000,1.32350000
1604395636888,377.90000000,10.03434000,377.91000000,33.94443000
1604395637869,377.87000000,3.00000000,377.88000000,50.91406000
1604395638873,377.86000000,88.53314000,377.87000000,1.32354000
1604395639890,377.91000000,190.50474000,377.92000000,1.48071000
1604395640875,377.91000000,189.36336000,377.92000000,1.35020000
1604395641874,377.91000000,188.16883000,377.92000000,1.35020000
1604395642812,377.91000000,188.10507000,377.92000000,1.32354000
1604395643843,377.91000000,188.10507000,377.92000000,1.32354000
1604395644895,377.95000000,24.97058000,377.96000000,26.14084000
1604395645874,377.95000000,44.75579000,377.96000000,31.17598000
1604395646870,377.95000000,44.75579000,377.96000000,31.17598000
1604395647844,377.95000000,44.72530000,377.96000000,63.59538000
1604395648885,377.95000000,49.56038000,377.96000000,34.09538000
1604395649885,377.95000000,0.15256000,377.96000000,93.59538000
1604395650890,377.85000000,91.76521000,377.86000000,0.00050000
1604395651874,377.89000000,32.88828000,377.90000000,53.57438000
1604395652897,377.89000000,37.88828000,377.90000000,27.57438000
1604395653889,377.89000000,38.48308000,377.90000000,21.32343000
1604395654893,377.89000000,38.48308000,377.90000000,1.32347000
1604395655900,377.89000000,39.64179000,377.90000000,1.32347000
1604395656866,377.89000000,39.64179000,377.90000000,1.32347000
1604395657881,377.89000000,35.82600000,377.90000000,51.03559000
1604395658817,377.89000000,40.82600000,377.90000000,35.69519000
1604395659874,377.89000000,52.24073000,377.90000000,1.32347000
1604395660828,377.89000000,60.48900000,377.90000000,1.32347000
1604395661869,377.89000000,30.42199000,377.90000000,1.32347000
1604395662828,377.89000000,30.42199000,377.90000000,1.32347000
1604395663888,377.89000000,30.42199000,377.90000000,1.32347000
1604395664900,377.89000000,29.99116000,377.90000000,1.32347000
1604395665901,377.89000000,29.99116000,377.90000000,1.32347000
1604395666855,377.89000000,30.35435000,377.90000000,1.32347000
1604395667899,377.85000000,5.00000000,377.86000000,28.90892000
1604395668900,377.85000000,6.63101000,377.86000000,35.38452000
1604395669896,377.85000000,6.55850000,377.86000000,35.38452000
1604395670905,377.87000000,15.00000000,377.88000000,19.76029000
1604395671834,377.87000000,6.11161000,377.88000000,27.25439000
1604395672887,377.87000000,5.00000000,377.88000000,27.25439000
1604395673873,377.87000000,5.10301000,377.88000000,52.25439000
1604395674896,377.87000000,0.10301000,377.88000000,57.73389000
1604395675874,377.87000000,0.10301000,377.88000000,57.73389000
1604395676868,377.87000000,25.96740000,377.88000000,27.13515000
1604395677796,377.87000000,25.96740000,377.88000000,27.08515000
1604395678869,377.87000000,16.31960000,377.88000000,11.91312000
1604395679896,377.87000000,4.55184000,377.88000000,18.30011000
1604395680892,377.87000000,25.80203000,377.88000000,16.91312000
1604395681903,377.87000000,25.80203000,377.88000000,11.91312000
1604395682890,377.87000000,0.04904000,377.88000000,38.80503000
1604395683879,377.87000000,0.04904000,377.88000000,47.32473000
1604395684904,377.79000000,6.26136000,377.80000000,52.54683000
1604395685883,377.79000000,33.67700000,377.80000000,22.93983000
1604395686805,377.79000000,33.64730000,377.80000000,24.83233000
1604395687909,377.79000000,50.83798000,377.80000000,12.38226000
1604395688899,377.79000000,50.57668000,377.80000000,12.15798000
1604395689865,377.79000000,106.79532000,377.80000000,12.15798000
1604395690885,377.79000000,56.02579000,377.80000000,7.15030000
1604395691886,377.79000000,115.99758000,377.80000000,1.32378000
1604395692884,377.79000000,115.99758000,377.80000000,1.32378000
1604395693868,377.79000000,113.26808000,377.80000000,1.32378000
1604395694864,377.77000000,62.37997000,377.78000000,1.32389000
1604395695898,377.77000000,62.37997000,377.78000000,1.32389000
1604395696848,377.77000000,61.42217000,377.78000000,1.32389000
1604395697871,377.79000000,90.51299000,377.80000000,6.61945000
1604395698896,377.79000000,90.51299000,377.80000000,6.61945000
1604395699909,377.79000000,90.51299000,377.80000000,6.61945000
1604395700889,377.79000000,96.73523000,377.80000000,1.32389000
1604395701911,377.79000000,96.73523000,377.80000000,1.32389000
1604395702913,377.79000000,87.22541000,377.82000000,2.60000000
1604395703851,377.81000000,48.84410000,377.82000000,6.92389000
1604395704892,377.81000000,18.84410000,377.82000000,6.92389000
1604395705902,377.81000000,48.84410000,377.82000000,13.16873000
1604395706779,377.81000000,48.84410000,377.82000000,11.65534000
1604395707913,377.81000000,48.84410000,377.82000000,11.65534000
1604395708896,377.81000000,48.84410000,377.82000000,4.32389000
1604395709918,377.81000000,50.14410000,377.82000000,4.32389000
1604395710855,377.81000000,50.14410000,377.82000000,4.32389000
1604395711899,377.81000000,20.01215000,377.82000000,8.67722000
1604395712897,377.81000000,50.01215000,377.82000000,13.85036000
1604395713891,377.81000000,50.01215000,377.82000000,13.85036000
1604395714918,377.81000000,50.08961000,377.82000000,13.85036000
1604395715916,377.81000000,50.08961000,377.82000000,13.85036000
1604395716786,377.81000000,50.08961000,377.82000000,13.85036000
1604395717911,377.71000000,3.77939000,377.74000000,5.00000000
1604395718912,377.66000000,44.27067000,377.67000000,28.25034000
1604395719919,377.68000000,10.96230000,377.69000000,37.30786000
1604395720918,377.80000000,35.91082000,377.81000000,13.22239000
1604395721913,377.78000000,38.69133000,377.79000000,1.64777000
1604395722885,377.78000000,32.85136000,377.79000000,1.62128000
1604395723880,377.78000000,38.61157000,377.79000000,1.62128000
1604395724919,377.80000000,41.68117000,377.81000000,16.99876000
1604395725915,377.80000000,41.68117000,377.81000000,16.99876000
1604395726911,377.80000000,41.52621000,377.81000000,6.29876000
1604395727915,377.80000000,41.49482000,377.81000000,6.29876000
1604395728900,377.80000000,41.49482000,377.81000000,6.29876000
1604395729919,377.80000000,41.34360000,377.81000000,6.29876000
1604395730899,377.80000000,41.57320000,377.81000000,8.71911000
1604395731923,377.77000000,40.37916000,377.78000000,5.00000000
1604395732902,377.77000000,44.45991000,377.78000000,5.00000000
1604395733879,377.77000000,44.45991000,377.78000000,6.32385000
1604395734913,377.77000000,39.33109000,377.78000000,28.80149000
1604395735922,377.76000000,58.88921000,377.77000000,56.60483000
1604395736900,377.70000000,40.78403000,377.71000000,23.15269000
1604395737920,377.70000000,91.11202000,377.71000000,23.15269000
1604395738918,377.70000000,96.25310000,377.71000000,24.28840000
1604395739845,377.70000000,90.61410000,377.71000000,21.32410000
1604395740924,377.70000000,91.72571000,377.71000000,21.32410000
1604395741900,377.70000000,90.61410000,377.71000000,21.32410000
1604395742913,377.70000000,146.18949000,377.71000000,1.32410000
1604395743925,377.70000000,110.80379000,377.71000000,2.33610000
1604395744800,377.70000000,110.77224000,377.71000000,1.01200000
1604395745924,377.70000000,110.77224000,377.71000000,1.01200000
1604395746916,377.70000000,110.77224000,377.71000000,1.22647000
1604395747908,377.70000000,106.96136000,377.71000000,1.22647000
1604395748920,377.70000000,106.70126000,377.71000000,1.22647000
1604395749923,377.70000000,90.74406000,377.71000000,1.22647000
1604395750831,377.70000000,97.79079000,377.71000000,1.22647000
1604395751917,377.81000000,144.81377000,377.82000000,5.96271000
1604395752927,377.79000000,9.35117000,377.81000000,43.24079000
1604395753888,377.80000000,42.69963000,377.81000000,13.20719000
