timestamp,bidPrice,bidSize,askPrice,askSize
1604386093884,375.43000000,9.87017000,375.44000000,51.05065000
1604386094822,375.43000000,34.87017000,375.44000000,32.59737000
1604386095871,375.49000000,97.41597000,375.50000000,0.10283000
1604386096904,375.53000000,38.33680000,375.54000000,1.98775000
1604386097838,375.55000000,36.80525000,375.56000000,75.21091000
1604386098907,375.48000000,0.11621000,375.53000000,5.00000000
1604386099773,375.48000000,52.15539000,375.49000000,17.82370000
1604386100903,375.51000000,5.00000000,375.52000000,23.74637000
1604386101896,375.47000000,0.76889000,375.48000000,133.69433000
1604386102900,375.47000000,0.76889000,375.48000000,133.69433000
1604386103903,375.36000000,66.62974000,375.37000000,20.74703000
1604386104906,375.51000000,5.00000000,375.52000000,35.15258000
1604386105903,375.54000000,31.76770000,375.58000000,8.66723000
1604386106898,375.52000000,1.76797000,375.53000000,38.08975000
1604386107901,375.49000000,39.92014000,375.50000000,5.00000000
1604386108887,375.51000000,53.56875000,375.52000000,1.28400000
1604386109908,375.55000000,42.54870000,375.56000000,9.37028000
1604386110873,375.55000000,47.54870000,375.56000000,10.20269000
1604386111912,375.63000000,53.65776000,375.64000000,5.00000000
1604386112859,375.63000000,55.31387000,375.64000000,5.79674000
1604386113853,375.63000000,109.85568000,375.64000000,5.79674000
1604386114823,375.63000000,53.45726000,375.64000000,5.79674000
1604386115833,375.63000000,53.45726000,375.64000000,5.79674000
1604386116872,375.63000000,55.22433000,375.64000000,5.00000000
1604386117849,375.63000000,118.71819000,375.64000000,5.79674000
1604386118885,375.63000000,118.71819000,375.64000000,5.76732000
1604386119839,375.63000000,118.71819000,375.64000000,0.79674000
1604386120831,375.63000000,62.82433000,375.64000000,5.79674000
1604386121912,375.61000000,6.71289000,375.62000000,11.72459000
1604386122898,375.61000000,45.15263000,375.62000000,5.00000000
1604386123911,375.61000000,45.21790000,375.62000000,5.00000000
1604386124904,375.61000000,45.21790000,375.62000000,5.00000000
1604386125877,375.61000000,45.21790000,375.62000000,5.00000000
1604386126894,375.61000000,45.21790000,375.62000000,4.97036000
1604386127907,375.62000000,40.00000000,375.63000000,36.17006000
1604386128899,375.61000000,0.06527000,375.62000000,131.63728000
1604386129893,375.61000000,0.06527000,375.62000000,109.11370000
1604386130894,375.61000000,0.06527000,375.62000000,126.63728000
1604386131912,375.61000000,28.29786000,375.62000000,30.79689000
1604386132892,375.61000000,53.29781000,375.62000000,5.69873000
1604386133906,375.61000000,58.52703000,375.62000000,0.69873000
1604386134850,375.61000000,26.75979000,375.62000000,37.75515000
1604386135912,375.61000000,23.52717000,375.62000000,35.66807000
1604386136904,375.61000000,23.48307000,375.62000000,35.56991000
1604386137910,375.61000000,28.26185000,375.62000000,35.56991000
1604386138915,375.62000000,55.44572000,375.63000000,30.05153000
1604386139894,375.62000000,54.85739000,375.63000000,0.05153000
1604386140901,375.62000000,31.91954000,375.63000000,9.43150000
1604386141917,375.63000000,7.19984000,375.64000000,26.94982000
1604386142875,375.63000000,0.03675000,375.64000000,64.11301000
1604386143918,375.60000000,0.00001000,375.61000000,150.71490000
1604386144921,375.56000000,5.00000000,375.57000000,45.14708000
1604386145917,375.56000000,5.00000000,375.57000000,45.63544000
1604386146916,375.55000000,5.00000000,375.56000000,6.78021000
1604386147863,375.55000000,35.00000000,375.56000000,3.71789000
1604386148913,375.56000000,1.33104000,375.57000000,7.54338000
1604386149869,375.56000000,1.33104000,375.57000000,44.31348000
1604386150876,375.56000000,1.33104000,375.57000000,82.87670000
1604386151849,375.56000000,1.33104000,375.57000000,43.37308000
1604386152875,375.56000000,2.37945000,375.57000000,43.52207000
1604386153909,375.56000000,2.37945000,375.57000000,43.52207000
1604386154924,375.61000000,86.61861000,375.62000000,21.42821000
1604386155895,375.61000000,41.48203000,375.62000000,10.00183000
1604386156918,375.60000000,2.66210000,375.61000000,92.83887000
1604386157906,375.60000000,12.25815000,375.61000000,38.81965000
1604386158921,375.60000000,10.92725000,375.61000000,39.39259000
1604386159927,375.60000000,10.92725000,375.61000000,40.02075000
1604386160929,375.60000000,12.25815000,375.61000000,40.21919000
1604386161915,375.60000000,32.66210000,375.61000000,10.02075000
1604386162907,375.60000000,33.20126000,375.61000000,8.64359000
1604386163880,375.60000000,33.09048000,375.61000000,3.84705000
1604386164926,375.60000000,33.09048000,375.61000000,3.84705000
1604386165923,375.60000000,2.55139000,375.61000000,46.64253000
1604386166904,375.60000000,2.63358000,375.61000000,66.64253000
1604386167926,375.60000000,2.63358000,375.61000000,38.88506000
1604386168921,375.60000000,0.00002000,375.61000000,137.83757000
1604386169931,375.60000000,0.00002000,375.61000000,50.33757000
1604386170927,375.58000000,0.05325000,375.61000000,50.25538000
1604386171913,375.59000000,42.36706000,375.60000000,4.90184000
1604386172910,375.60000000,46.27693000,375.61000000,4.62360000
1604386173921,375.60000000,6.33494000,375.61000000,40.73434000
1604386174931,375.60000000,11.12910000,375.61000000,35.51156000
1604386175924,375.60000000,13.42247000,375.61000000,37.32898000
1604386176920,375.60000000,13.42247000,375.61000000,32.83937000
1604386177933,375.60000000,43.42227000,375.61000000,2.83937000
1604386178904,375.60000000,43.42227000,375.61000000,2.83937000
1604386179933,375.77000000,60.11088000,375.78000000,37.41973000
1604386180924,375.77000000,30.00007000,375.78000000,50.60687000
1604386181848,375.76000000,16.88648000,375.77000000,7.46636000
1604386182934,375.76000000,11.88648000,375.77000000,7.46636000
1604386183879,375.76000000,11.88648000,375.77000000,7.33869000
1604386184937,375.76000000,11.88648000,375.77000000,4.35330000
1604386185937,375.77000000,36.00000000,375.79000000,10.08593000
1604386186907,375.77000000,6.68088000,375.78000000,12.85464000
1604386187900,375.77000000,1.68088000,375.78000000,17.85464000
1604386188896,375.77000000,1.68088000,375.78000000,17.85464000
1604386189872,375.75000000,1.33037000,375.76000000,99.26786000
1604386190841,375.75000000,3.01125000,375.76000000,83.50618000
1604386191805,375.75000000,3.01125000,375.76000000,83.60346000
1604386192894,375.75000000,8.01125000,375.76000000,36.56101000
1604386193922,375.75000000,3.06323000,375.76000000,40.40141000
1604386194931,375.75000000,42.20982000,375.76000000,0.09728000
1604386195934,375.75000000,38.88954000,375.76000000,0.09728000
1604386196861,375.76000000,16.54105000,375.77000000,5.00000000
1604386197902,375.76000000,16.54105000,375.77000000,5.00000000
1604386198861,375.76000000,6.94279000,375.77000000,78.91306000
1604386199828,375.76000000,6.65115000,375.77000000,78.62142000
1604386200921,375.76000000,6.65115000,375.77000000,108.59123000
1604386201937,375.79000000,1.33023000,375.80000000,42.70935000
1604386202926,375.79000000,1.38214000,375.80000000,42.61119000
1604386203895,375.79000000,1.38214000,375.80000000,42.61119000
1604386204825,375.79000000,1.38214000,375.80000000,42.61119000
1604386205932,375.79000000,1.38214000,375.80000000,42.61119000
1604386206900,375.76000000,6.77778000,375.77000000,118.31247000
1604386207938,375.76000000,6.65115000,375.77000000,56.81247000
1604386208938,375.76000000,1.33023000,375.77000000,132.38555000
1604386209913,375.76000000,1.33023000,375.77000000,81.77465000
1604386210910,375.76000000,1.33023000,375.77000000,61.18556000
1604386211804,375.76000000,1.33023000,375.77000000,61.18556000
1604386212944,375.79000000,12.46144000,375.80000000,16.11890000
1604386213895,375.79000000,0.05197000,375.80000000,15.35596000
1604386214930,375.79000000,0.05197000,375.80000000,13.20565000
1604386215885,375.79000000,2.60431000,375.80000000,12.48264000
1604386216943,375.82000000,61.81434000,375.83000000,0.12208000
1604386217946,375.80000000,0.17451000,375.84000000,59.73180000
1604386218923,375.86000000,31.30400000,375.87000000,52.17678000
1604386219922,375.83000000,38.92576000,375.84000000,25.81361000
1604386220931,375.83000000,39.65641000,375.84000000,25.61709000
1604386221941,375.86000000,11.75329000,375.87000000,29.71835000
1604386222943,375.90000000,9.91215000,375.91000000,33.13438000
1604386223948,375.86000000,0.33821000,375.90000000,1.39397000
1604386224948,375.94000000,6.16475000,375.96000000,12.26571000
1604386225947,375.95000000,4.07982000,375.96000000,5.00000000
1604386226927,375.94000000,37.92980000,375.95000000,5.00000000
1604386227934,375.94000000,35.28561000,375.95000000,5.00000000
1604386228915,375.95000000,38.60648000,375.96000000,5.00000000
1604386229944,375.98000000,92.04970000,376.00000000,12.91959000
1604386230833,375.98000000,40.59270000,375.99000000,5.00000000
1604386231951,375.98000000,36.19970000,376.00000000,17.81328000
1604386232883,375.99000000,36.01201000,376.00000000,17.91959000
1604386233922,375.99000000,38.53828000,376.00000000,17.88823000
1604386234941,375.99000000,38.53828000,376.00000000,17.88823000
1604386235922,376.00000000,87.93082000,376.01000000,5.00000000
1604386236909,376.00000000,129.43925000,376.01000000,10.00000000
1604386237923,376.00000000,129.43925000,376.01000000,10.00000000
1604386238700,376.00000000,129.43925000,376.01000000,4.94681000
1604386239934,376.00000000,113.52861000,376.01000000,4.20523000
1604386240945,376.00000000,54.52861000,376.01000000,4.20523000
1604386241948,376.00000000,58.69374000,376.01000000,4.50461000
1604386242934,376.00000000,70.31312000,376.01000000,4.40343000
1604386243941,376.00000000,70.37302000,376.01000000,4.40343000
1604386244914,376.00000000,67.31858000,376.01000000,4.40343000
1604386245938,376.03000000,5.98901000,376.04000000,32.64338000
1604386246956,376.00000000,15.08897000,376.01000000,36.52117000
1604386247827,376.00000000,20.08897000,376.01000000,36.56007000
1604386248548,376.00000000,20.08897000,376.01000000,36.56007000
1604386249954,376.00000000,39.42370000,376.01000000,10.57990000
1604386250909,376.00000000,39.42370000,376.01000000,10.25890000
1604386251897,376.00000000,69.42370000,376.01000000,5.00000000
1604386252939,376.00000000,69.42370000,376.02000000,37.04632000
1604386253910,376.00000000,64.20226000,376.01000000,5.00000000
1604386254839,376.00000000,35.11994000,376.01000000,93.21928000
1604386255840,376.00000000,29.98943000,376.01000000,98.57358000
1604386256952,376.00000000,31.31892000,376.01000000,116.50321000
1604386257857,376.00000000,31.21763000,376.01000000,116.40192000
1604386258954,375.97000000,0.00001000,375.98000000,142.46619000
1604386259948,375.97000000,34.25596000,375.98000000,66.37611000
1604386260940,375.97000000,30.14861000,375.98000000,64.37948000
1604386261938,375.97000000,43.92565000,375.98000000,14.71062000
1604386262957,375.97000000,15.28998000,375.98000000,49.92694000
1604386263940,375.97000000,15.91317000,375.98000000,33.32588000
1604386264960,375.97000000,4.19229000,375.98000000,35.00000000
1604386265849,375.97000000,9.19229000,375.98000000,34.33429000
1604386266951,376.00000000,37.64310000,376.01000000,33.38550000
1604386267842,376.00000000,37.64310000,376.02000000,80.02875000
1604386268914,376.00000000,32.64310000,376.01000000,111.99255000
1604386269932,375.99000000,2.75323000,376.00000000,7.01420000
1604386270931,375.97000000,2.53114000,375.98000000,119.00241000
1604386271949,375.94000000,0.27636000,375.95000000,204.51109000
1604386272919,375.90000000,0.03618000,375.91000000,129.69591000
1604386273921,375.90000000,0.03618000,375.91000000,63.19591000
1604386274887,375.93000000,5.00000000,375.94000000,131.63018000
1604386275943,375.90000000,37.78941000,375.91000000,5.29764000
1604386276964,375.93000000,6.37661000,375.94000000,56.32579000
1604386277965,375.90000000,0.03618000,375.91000000,140.03980000
1604386278931,375.90000000,0.03618000,375.91000000,145.72514000
1604386279962,375.85000000,30.00000000,375.86000000,96.47496000
1604386280970,375.84000000,49.35583000,375.85000000,28.94700000
1604386281969,375.84000000,54.35623000,375.85000000,20.00000000
1604386282966,375.84000000,29.95000000,375.85000000,33.72581000
1604386283925,375.84000000,32.53891000,375.85000000,27.63311000
1604386284961,375.84000000,2.69959000,375.85000000,56.62311000
1604386285969,375.72000000,4.79416000,375.73000000,110.92032000
1604386286942,375.72000000,4.79416000,375.73000000,158.58991000
1604386287951,375.72000000,4.29464000,375.73000000,67.35842000
1604386288880,375.72000000,4.29464000,375.73000000,115.58599000
1604386289869,375.72000000,53.63516000,375.73000000,0.10894000
1604386290955,375.73000000,7.40268000,375.74000000,6.00000000
1604386291967,375.74000000,30.00000000,375.75000000,66.43269000
1604386292971,375.72000000,0.00076000,375.73000000,200.01785000
1604386293952,375.72000000,0.00076000,375.73000000,200.01785000
1604386294951,375.72000000,0.00076000,375.73000000,211.04265000
1604386295892,375.72000000,0.00076000,375.73000000,210.96110000
1604386296963,375.72000000,0.00076000,375.73000000,118.54265000
1604386297973,375.70000000,40.57594000,375.71000000,5.00000000
1604386298956,375.70000000,40.57594000,375.71000000,4.91672000
1604386299955,375.68000000,17.56873000,375.69000000,50.55699000
1604386300977,375.68000000,21.99378000,375.69000000,45.21385000
1604386301978,375.56000000,0.07352000,375.57000000,28.83638000
1604386302961,375.56000000,0.72835000,375.57000000,59.12141000
1604386303974,375.56000000,0.72835000,375.57000000,113.58926000
1604386304977,375.65000000,45.62440000,375.66000000,0.28199000
1604386305969,375.68000000,42.86584000,375.69000000,0.09838000
1604386306979,375.68000000,4.92410000,375.69000000,38.68923000
1604386307966,375.68000000,4.92410000,375.69000000,38.68923000
1604386308962,375.68000000,1.00000000,375.69000000,63.99346000
1604386309978,375.51000000,0.79891000,375.52000000,31.13345000
1604386310975,375.50000000,47.85903000,375.51000000,62.18957000
1604386311971,375.50000000,52.85903000,375.51000000,3.84610000
1604386312981,375.52000000,44.91125000,375.53000000,9.08528000
1604386313978,375.57000000,46.16930000,375.58000000,8.70004000
1604386314971,375.54000000,19.17291000,375.58000000,38.25482000
1604386315972,375.56000000,5.00000000,375.57000000,32.57405000
1604386316980,375.56000000,22.05852000,375.57000000,50.00000000
1604386317984,375.56000000,22.05852000,375.57000000,50.00000000
1604386318981,375.62000000,44.03296000,375.63000000,2.57750000
1604386319975,375.62000000,44.03296000,375.63000000,2.54554000
1604386320949,375.62000000,47.94588000,375.63000000,0.48879000
1604386321977,375.60000000,21.31035000,375.61000000,30.00000000
1604386322973,375.61000000,22.07974000,375.62000000,47.50011000
1604386323977,375.61000000,17.03793000,375.62000000,55.05961000
1604386324983,375.60000000,5.00000000,375.61000000,39.13239000
1604386325985,375.58000000,18.20035000,375.59000000,31.39331000
1604386326985,375.61000000,94.25514000,375.64000000,0.39089000
1604386327985,375.63000000,82.17822000,375.64000000,0.36077000
1604386328908,375.64000000,6.50272000,375.65000000,5.00000000
1604386329627,375.64000000,6.46021000,375.65000000,5.00000000
1604386330987,375.64000000,110.96021000,375.65000000,31.16442000
1604386331937,375.64000000,118.91501000,375.65000000,29.73405000
1604386332980,375.61000000,36.57512000,375.64000000,4.64381000
1604386333921,375.61000000,36.44926000,375.62000000,39.64381000
1604386334985,375.63000000,9.06663000,375.64000000,4.64381000
1604386335914,375.64000000,45.89700000,375.65000000,29.37192000
1604386336967,375.64000000,45.89700000,375.65000000,29.33990000
1604386337988,375.64000000,45.89700000,375.65000000,29.18417000
1604386338982,375.61000000,33.50162000,375.62000000,5.00000000
1604386339909,375.64000000,46.06253000,375.65000000,27.26116000
1604386340979,375.64000000,19.61119000,375.65000000,57.26116000
1604386341828,375.64000000,11.13393000,375.65000000,66.67711000
1604386342966,375.64000000,19.61119000,375.65000000,59.43338000
1604386343931,375.64000000,19.50051000,375.65000000,59.43338000
1604386344991,375.50000000,1.00000000,375.51000000,169.88973000
1604386345988,375.50000000,1.72772000,375.51000000,69.89299000
1604386346985,375.50000000,1.00000000,375.51000000,133.61713000
1604386347944,375.50000000,1.00000000,375.51000000,227.07432000
1604386348963,375.50000000,1.00000000,375.51000000,221.82432000
1604386349972,375.50000000,1.00000000,375.51000000,221.82432000
1604386350750,375.50000000,0.00001000,375.51000000,221.82432000
1604386351956,375.50000000,0.00001000,375.51000000,196.64019000
1604386352981,375.50000000,0.00001000,375.51000000,195.81065000
1604386353984,375.50000000,0.00001000,375.51000000,201.88730000
1604386354992,375.32000000,62.09278000,375.36000000,33.87667000
1604386355982,375.35000000,0.17500000,375.36000000,45.36012000
1604386356996,375.34000000,89.99697000,375.35000000,22.61630000
1604386357971,375.40000000,30.00000000,375.41000000,28.11008000
1604386358983,375.40000000,55.00000000,375.41000000,26.33234000
1604386359967,375.40000000,63.16908000,375.41000000,26.78293000
1604386360995,375.42000000,63.49000000,375.43000000,3.10430000
1604386361973,375.45000000,104.61581000,375.46000000,3.19799000
1604386362990,375.45000000,55.00000000,375.46000000,5.56512000
1604386363996,375.46000000,25.00000000,375.47000000,37.03664000
1604386364995,375.46000000,75.97500000,375.47000000,37.03664000
1604386365998,375.46000000,36.57188000,375.47000000,42.03664000
1604386366986,375.46000000,45.45294000,375.47000000,30.00000000
1604386367980,375.49000000,30.97980000,375.50000000,35.00000000
1604386368991,375.50000000,17.01191000,375.51000000,15.02911000
1604386369985,375.50000000,57.26429000,375.51000000,5.00000000
1604386370992,375.51000000,59.53968000,375.52000000,5.00000000
1604386371994,375.51000000,67.23818000,375.52000000,4.94680000
1604386372996,375.58000000,46.97118000,375.59000000,19.89906000
1604386373981,375.60000000,14.40196000,375.61000000,35.00000000
1604386374999,375.61000000,59.24574000,375.62000000,0.58470000
1604386375984,375.61000000,29.24574000,375.62000000,30.58470000
1604386376999,375.61000000,29.14363000,375.62000000,30.58470000
1604386377991,375.61000000,59.14363000,375.62000000,0.55261000
1604386378916,375.61000000,62.81906000,375.62000000,0.55261000
1604386380001,375.61000000,54.24574000,375.62000000,0.55261000
1604386381001,375.64000000,97.33212000,375.65000000,0.02663000
1604386382000,375.65000000,11.03550000,375.72000000,0.33137000
1604386383001,375.65000000,14.58579000,375.66000000,33.52409000
1604386383999,375.65000000,24.43328000,375.66000000,33.52409000
1604386384960,375.65000000,24.43328000,375.66000000,33.52409000
1604386385999,375.61000000,5.00000000,375.62000000,69.04328000
1604386386997,375.61000000,4.67900000,375.62000000,89.77218000
1604386387954,375.61000000,4.67900000,375.62000000,73.70644000
1604386388982,375.61000000,6.07963000,375.63000000,30.00000000
1604386389970,375.63000000,5.00000000,375.64000000,4.40580000
1604386391002,375.64000000,2.78726000,375.65000000,36.49701000
1604386392005,375.64000000,0.62800000,375.65000000,41.63368000
1604386392977,375.64000000,15.00000000,375.65000000,23.93569000
1604386393991,375.64000000,15.00000000,375.65000000,99.12837000
1604386394977,375.61000000,5.00000000,375.62000000,33.15971000
1604386395968,375.61000000,6.33080000,375.62000000,33.15971000
1604386396983,375.61000000,4.33998000,375.62000000,33.15971000
1604386398005,375.61000000,1.62936000,375.62000000,35.87498000
1604386398969,375.61000000,1.62936000,375.62000000,35.87536000
1604386399908,375.61000000,1.62936000,375.62000000,52.34612000
1604386401007,375.57000000,5.85456000,375.58000000,150.49767000
1604386401953,375.57000000,5.60000000,375.58000000,150.49767000
1604386402999,375.57000000,5.60000000,375.58000000,150.49767000
1604386404003,375.57000000,4.88932000,375.58000000,58.38352000
1604386405005,375.57000000,2.83338000,375.58000000,58.69424000
1604386405993,375.57000000,12.70559000,375.58000000,35.08995000
1604386406919,375.57000000,2.48125000,375.58000000,58.58752000
1604386407699,375.57000000,2.22851000,375.58000000,42.52178000
1604386408759,375.57000000,2.22851000,375.58000000,67.37216000
1604386409958,375.57000000,2.22851000,375.58000000,58.55766000
1604386410987,375.57000000,2.22851000,375.58000000,58.55766000
1604386412000,375.56000000,0.80000000,375.57000000,94.38533000
1604386413004,375.55000000,0.93381000,375.56000000,61.73911000
1604386414002,375.55000000,12.80734000,375.56000000,37.07751000
1604386414967,375.52000000,1.33104000,375.53000000,60.86791000
1604386415991,375.51000000,0.27000000,375.52000000,100.18448000
1604386417008,375.51000000,0.27000000,375.52000000,100.15353000
1604386417948,375.51000000,0.30082000,375.52000000,143.65353000
1604386419009,375.51000000,0.30082000,375.52000000,75.30800000
1604386419998,375.51000000,42.10961000,375.53000000,5.00000000
1604386420918,375.51000000,0.00002000,375.52000000,63.83112000
1604386421854,375.51000000,0.00002000,375.52000000,121.33112000
1604386422969,375.51000000,0.00002000,375.52000000,58.70586000
1604386423999,375.48000000,21.13104000,375.49000000,95.84796000
1604386425011,375.48000000,44.88751000,375.49000000,5.03135000
1604386425954,375.48000000,44.91833000,375.49000000,2.03135000
1604386427011,375.50000000,42.33441000,375.51000000,47.10270000
1604386427943,375.50000000,30.32117000,375.51000000,55.73976000
1604386428932,375.50000000,30.32117000,375.51000000,55.73976000
1604386430005,375.50000000,30.32117000,375.51000000,48.55772000
1604386431014,375.50000000,30.32117000,375.51000000,48.55772000
1604386432002,375.50000000,30.32117000,375.51000000,49.05004000
1604386433007,375.50000000,3.51011000,375.51000000,68.98334000
1604386433991,375.50000000,3.51011000,375.51000000,115.28630000
1604386434990,375.50000000,3.51011000,375.51000000,68.95316000
1604386435922,375.50000000,3.51011000,375.51000000,68.95316000
1604386436963,375.50000000,3.51011000,375.51000000,66.09926000
1604386438015,375.50000000,3.51011000,375.51000000,153.59926000
1604386439001,375.50000000,3.51011000,375.51000000,153.41434000
1604386440011,375.50000000,3.51011000,375.51000000,104.91434000
1604386440966,375.50000000,3.51011000,375.51000000,104.91434000
1604386442018,375.50000000,28.30982000,375.51000000,38.44829000
1604386443006,375.58000000,0.10111000,375.59000000,58.34404000
1604386444015,375.58000000,27.83729000,375.59000000,47.63712000
1604386445012,375.61000000,73.74548000,375.62000000,0.22190000
1604386446017,375.66000000,67.28965000,375.67000000,5.00000000
1604386447018,375.70000000,136.08702000,375.71000000,0.21226000
1604386448012,375.77000000,46.58624000,375.78000000,8.29086000
1604386449021,375.78000000,3.56040000,375.79000000,0.18598000
1604386450017,375.75000000,6.74656000,375.76000000,92.75475000
1604386451019,375.75000000,5.00000000,375.76000000,84.63413000
1604386452018,375.75000000,5.00000000,375.78000000,0.21617000
1604386453022,375.74000000,3.68329000,375.78000000,106.67438000
1604386454028,375.60000000,38.56477000,375.61000000,33.72173000
1604386455014,375.65000000,32.16794000,375.66000000,6.07675000
1604386455950,375.63000000,3.09480000,375.65000000,9.34195000
1604386457023,375.61000000,39.99643000,375.62000000,18.15314000
1604386458022,375.68000000,35.00000000,375.69000000,24.35807000
1604386459025,375.63000000,9.17366000,375.64000000,0.37106000
1604386460029,375.71000000,5.00000000,375.72000000,36.22221000
1604386461029,375.78000000,118.48592000,375.79000000,0.94046000
1604386462015,375.78000000,95.39163000,375.79000000,5.94046000
1604386463029,375.78000000,118.48524000,375.79000000,5.94046000
1604386464031,375.80000000,6.00000000,375.87000000,38.92831000
1604386465000,375.83000000,46.22991000,375.85000000,7.42604000
1604386466029,375.82000000,1.28400000,375.83000000,9.30739000
1604386466998,375.82000000,0.13752000,375.83000000,6.02638000
1604386467986,375.80000000,98.37533000,375.83000000,6.82243000
1604386469022,375.82000000,20.00000000,375.83000000,6.82243000
1604386470027,375.82000000,5.05685000,375.83000000,6.31433000
1604386470999,375.82000000,4.55794000,375.83000000,66.29723000
1604386472027,375.78000000,51.34469000,375.79000000,20.66459000
1604386473023,375.79000000,7.18892000,375.84000000,0.99591000
1604386474017,375.80000000,6.23544000,375.81000000,5.00000000
1604386474907,375.81000000,5.00000000,375.82000000,3.96819000
1604386475993,375.80000000,5.97178000,375.81000000,5.89053000
1604386477009,375.80000000,5.97178000,375.81000000,5.89053000
1604386477848,375.80000000,5.97178000,375.81000000,5.89053000
1604386479036,375.80000000,5.97178000,375.81000000,5.85985000
1604386480036,375.87000000,33.34639000,375.88000000,5.00000000
1604386481032,375.87000000,63.31456000,375.88000000,5.00000000
1604386482027,375.88000000,29.34263000,375.89000000,10.70188000
1604386482977,375.88000000,18.57335000,375.89000000,57.63655000
1604386484022,375.88000000,0.00097000,375.89000000,10.63655000
1604386485000,376.02000000,32.91652000,376.03000000,126.84475000
1604386486037,375.96000000,18.39046000,375.97000000,1.47303000
1604386487014,375.93000000,10.00000000,375.95000000,20.02504000
1604386488037,375.87000000,18.54875000,375.92000000,1.01478000
1604386489036,375.91000000,14.64739000,375.92000000,20.00000000
1604386490021,375.91000000,0.00073000,375.92000000,105.70739000
1604386491037,375.87000000,4.18663000,375.90000000,47.14375000
1604386492037,375.88000000,14.28372000,375.90000000,10.70000000
1604386493036,375.89000000,7.83740000,375.90000000,13.50789000
1604386494038,375.87000000,5.00000000,375.90000000,2.80789000
1604386494954,375.87000000,3.22856000,375.90000000,4.87133000
1604386496040,375.81000000,30.00000000,375.86000000,20.00000000
1604386497022,375.67000000,46.82071000,375.68000000,20.00000000
1604386498026,375.67000000,37.84581000,375.68000000,20.00000000
1604386499010,375.67000000,36.01931000,375.70000000,0.40159000
1604386499997,375.67000000,34.68283000,375.68000000,13.77395000
1604386501029,375.67000000,40.06483000,375.68000000,13.77395000
1604386502001,375.64000000,47.75808000,375.65000000,10.56217000
1604386503025,375.64000000,47.53396000,375.65000000,10.50736000
1604386504033,375.64000000,17.53396000,375.65000000,10.26801000
1604386505005,375.69000000,94.88438000,375.70000000,0.40159000
1604386506023,375.67000000,2.36815000,375.68000000,10.26801000
1604386506820,375.66000000,7.23286000,375.67000000,10.26801000
1604386507952,375.66000000,7.23286000,375.67000000,10.26801000
1604386509009,375.66000000,7.23286000,375.67000000,10.26801000
1604386510036,375.81000000,0.19000000,375.82000000,64.07229000
1604386511041,375.69000000,1.15333000,375.70000000,122.20122000
1604386511993,375.69000000,0.38444000,375.70000000,86.70122000
1604386513000,375.63000000,51.46210000,375.64000000,8.38454000
1604386514034,375.63000000,50.99072000,375.64000000,8.22035000
1604386515012,375.65000000,53.62182000,375.66000000,11.02246000
1604386515949,375.65000000,55.57772000,375.66000000,11.02246000
1604386517010,375.65000000,18.59315000,375.66000000,11.02246000
1604386518035,375.65000000,11.63725000,375.66000000,10.99073000
1604386519038,375.69000000,5.01543000,375.70000000,12.95352000
1604386520036,375.63000000,44.58324000,375.64000000,10.00000000
1604386521045,375.69000000,157.05973000,375.70000000,0.21071000
1604386522004,375.69000000,127.05973000,375.70000000,0.79838000
1604386523024,375.71000000,5.01509000,375.72000000,13.98704000
1604386523980,375.66000000,12.98019000,375.67000000,10.00000000
1604386525022,375.66000000,2.23148000,375.67000000,16.11378000
1604386526043,375.69000000,13.27903000,375.70000000,10.56572000
1604386526999,375.72000000,67.69507000,375.73000000,0.45944000
1604386527996,375.70000000,0.21467000,375.74000000,12.66913000
1604386529047,375.73000000,13.53960000,375.74000000,5.00000000
1604386529976,375.73000000,13.53960000,375.74000000,5.00000000
1604386531038,375.76000000,8.35486000,375.77000000,8.59584000
1604386532048,375.79000000,5.30738000,375.80000000,18.30284000
1604386533049,375.79000000,70.17439000,375.80000000,15.63173000
1604386534031,375.79000000,84.20629000,375.80000000,5.00000000
1604386534961,375.79000000,61.05907000,375.80000000,5.00000000
1604386535965,375.79000000,31.97487000,375.80000000,5.00000000
1604386537048,375.78000000,90.21725000,375.79000000,10.70000000
1604386538051,375.80000000,67.71456000,375.81000000,5.00000000
1604386539035,375.80000000,43.67115000,375.81000000,5.00000000
1604386540045,375.83000000,28.71993000,375.85000000,1.82313000
1604386541038,375.84000000,40.81547000,375.85000000,0.66736000
1604386541990,375.84000000,37.85417000,375.85000000,0.66736000
1604386543037,375.84000000,16.32413000,375.85000000,7.39948000
1604386544050,375.84000000,26.32413000,375.85000000,5.71685000
1604386544926,375.84000000,26.32413000,375.85000000,5.71685000
1604386546026,375.81000000,2.63818000,375.85000000,0.67279000
1604386547049,375.89000000,36.50000000,375.90000000,20.95397000
1604386548054,375.86000000,30.00000000,375.88000000,5.13815000
1604386549049,375.86000000,29.95102000,375.87000000,4.38669000
1604386549996,375.84000000,4.87629000,375.88000000,0.34644000
1604386551038,375.84000000,4.87629000,375.87000000,31.48028000
1604386552016,375.84000000,4.87629000,375.86000000,5.07981000
1604386552966,375.84000000,4.87629000,375.86000000,5.07981000
1604386554050,375.84000000,6.37248000,375.89000000,0.10403000
1604386555056,375.89000000,40.00000000,375.90000000,7.94136000
1604386556036,375.95000000,123.21701000,375.96000000,6.00000000
1604386557037,375.96000000,1.15725000,375.97000000,5.79285000
1604386557994,375.96000000,1.19432000,375.97000000,5.79285000
1604386558987,375.96000000,0.00032000,375.97000000,58.26319000
1604386560030,375.96000000,0.00032000,375.97000000,60.16398000
1604386561038,375.96000000,105.32834000,375.97000000,6.37285000
1604386562028,375.97000000,36.74850000,375.98000000,14.26081000
1604386563016,375.96000000,33.71829000,375.97000000,0.77149000
1604386564057,375.96000000,42.14931000,375.97000000,4.17149000
1604386565032,375.96000000,141.54753000,375.97000000,4.17149000
1604386566044,376.01000000,129.88306000,376.02000000,0.17208000
1604386567044,375.98000000,87.73245000,376.00000000,0.58000000
1604386568060,375.98000000,2.55110000,375.99000000,43.78278000
1604386569050,375.96000000,0.00032000,375.97000000,44.06829000
1604386570061,375.96000000,2.59196000,375.97000000,36.68069000
1604386571065,375.96000000,76.00032000,376.00000000,79.63530000
1604386572035,375.96000000,0.00032000,375.97000000,38.48927000
1604386573015,375.96000000,0.00032000,375.97000000,108.34953000
1604386574057,375.83000000,7.07172000,375.84000000,34.95373000
1604386575015,375.83000000,47.07617000,375.86000000,34.17162000
1604386575955,375.84000000,4.07617000,375.86000000,34.02679000
1604386577054,375.87000000,80.22419000,375.88000000,34.92642000
1604386578050,375.87000000,39.56800000,375.88000000,17.80909000
1604386579019,375.87000000,39.56800000,375.88000000,17.80909000
1604386580028,375.86000000,40.00000000,375.87000000,14.66946000
1604386581049,375.85000000,0.83310000,375.86000000,49.81198000
1604386581987,375.81000000,5.00000000,375.82000000,4.98805000
1604386582984,375.81000000,70.31449000,375.82000000,4.98805000
1604386584066,375.81000000,3.81449000,375.82000000,62.32664000
1604386584996,375.80000000,3.91859000,375.81000000,71.13464000
1604386586067,375.78000000,67.35823000,375.79000000,175.65901000
1604386587031,375.71000000,1.01000000,375.72000000,63.95500000
1604386588054,375.71000000,83.05703000,375.72000000,30.15102000
1604386589067,375.81000000,12.64047000,375.82000000,62.88244000
1604386590058,375.80000000,0.10000000,375.81000000,49.12460000
1604386591070,375.76000000,7.73873000,375.77000000,64.87437000
1604386592063,375.73000000,0.15787000,375.74000000,135.30188000
1604386593068,375.72000000,35.00000000,375.73000000,5.72010000
1604386594062,375.73000000,1.28400000,375.76000000,8.48631000
1604386595068,375.72000000,2.31163000,375.74000000,2.72531000
1604386596067,375.73000000,5.00000000,375.74000000,22.30686000
1604386596983,375.73000000,5.00000000,375.74000000,59.74094000
1604386597918,375.71000000,6.01000000,375.72000000,58.76784000
1604386599062,375.71000000,0.01000000,375.72000000,60.48012000
1604386600034,375.70000000,125.24136000,375.71000000,0.12805000
1604386601047,375.70000000,5.00000000,375.71000000,30.76279000
1604386602067,375.70000000,177.37793000,375.71000000,0.09756000
1604386603075,375.74000000,5.36454000,375.77000000,4.55719000
1604386604004,375.74000000,0.68837000,375.75000000,68.54396000
1604386605052,375.74000000,0.32383000,375.75000000,63.54396000
1604386606048,375.70000000,13.81614000,375.71000000,64.14627000
1604386607072,375.70000000,99.39638000,375.71000000,9.14627000
1604386608074,375.70000000,171.51788000,375.71000000,6.04387000
1604386608958,375.70000000,107.51788000,375.71000000,6.04387000
1604386610006,375.70000000,103.71788000,375.71000000,6.04387000
1604386611060,375.67000000,55.97919000,375.68000000,7.00009000
1604386611882,375.67000000,61.40778000,375.68000000,5.88207000
1604386613078,375.67000000,67.70061000,375.68000000,5.88207000
1604386614069,375.55000000,5.00000000,375.56000000,52.66803000
1604386615074,375.55000000,5.00000000,375.56000000,109.77289000
1604386616064,375.55000000,5.00000000,375.56000000,116.18286000
1604386617068,375.55000000,5.00000000,375.56000000,115.18286000
1604386618071,375.50000000,8.14542000,375.51000000,66.80534000
1604386619080,375.37000000,45.59713000,375.38000000,17.89083000
1604386620040,375.39000000,35.00000000,375.40000000,8.31523000
1604386621072,375.38000000,4.60789000,375.39000000,33.29045000
1604386622078,375.30000000,5.18554000,375.35000000,4.76175000
1604386623081,375.35000000,18.14650000,375.36000000,40.70000000
1604386624083,375.39000000,99.18653000,375.43000000,4.00000000
1604386625081,375.41000000,13.81682000,375.42000000,0.58000000
1604386626064,375.41000000,128.83012000,375.42000000,0.58000000
1604386627047,375.44000000,38.29747000,375.45000000,0.58000000
1604386628083,375.23000000,42.34175000,375.24000000,4.74168000
1604386629061,375.29000000,30.00000000,375.30000000,8.36528000
1604386630062,375.29000000,35.00000000,375.30000000,8.43528000
1604386631027,375.29000000,37.92027000,375.30000000,5.07000000
1604386632078,375.29000000,7.28341000,375.30000000,33.08971000
1604386633075,375.28000000,38.53963000,375.30000000,30.00000000
1604386634067,375.26000000,5.00000000,375.27000000,38.72121000
1604386635082,375.20000000,1.94907000,375.26000000,42.64732000
1604386636079,375.27000000,59.65387000,375.28000000,0.21270000
1604386637086,375.29000000,4.77200000,375.30000000,10.96193000
1604386638064,375.29000000,4.77200000,375.30000000,5.96193000
1604386639074,375.29000000,5.29877000,375.30000000,5.96193000
1604386640087,375.29000000,40.27363000,375.30000000,10.00000000
1604386641085,375.31000000,5.00000000,375.32000000,5.00000000
1604386642079,375.29000000,0.79324000,375.31000000,5.93323000
1604386643089,375.20000000,3.41067000,375.26000000,43.07330000
1604386644090,375.23000000,5.00000000,375.24000000,34.54901000
1604386645079,375.28000000,40.41041000,375.29000000,49.97383000
1604386646051,375.28000000,40.41041000,375.29000000,16.24536000
1604386647077,375.28000000,38.57495000,375.29000000,21.24536000
1604386648004,375.28000000,39.39565000,375.29000000,21.21579000
1604386649077,375.28000000,103.04756000,375.29000000,12.57496000
1604386650054,375.28000000,60.54756000,375.29000000,0.00096000
1604386651055,375.28000000,60.54756000,375.29000000,0.00096000
1604386652056,375.30000000,153.11054000,375.31000000,6.79922000
1604386653037,375.30000000,65.61054000,375.31000000,6.79922000
1604386654077,375.30000000,64.57818000,375.31000000,11.76706000
1604386655045,375.30000000,64.57818000,375.31000000,9.76802000
1604386656045,375.30000000,64.48794000,375.31000000,0.79922000
1604386657043,375.30000000,64.48794000,375.31000000,19.13480000
1604386658073,375.30000000,64.48794000,375.31000000,19.13480000
1604386658998,375.30000000,64.48794000,375.31000000,19.13480000
1604386660055,375.30000000,64.48794000,375.31000000,19.13480000
1604386661034,375.30000000,64.48794000,375.31000000,19.13480000
1604386662094,375.30000000,33.18857000,375.31000000,17.14520000
1604386663080,375.30000000,0.00017000,375.31000000,118.21000000
1604386664073,375.24000000,49.36321000,375.25000000,5.00000000
1604386665094,375.24000000,0.43557000,375.25000000,170.51861000
1604386666050,375.24000000,0.43557000,375.25000000,114.12524000
1604386667093,375.24000000,31.75828000,375.25000000,11.29980000
1604386668092,375.24000000,35.32293000,375.25000000,5.00000000
1604386669079,375.27000000,51.97073000,375.28000000,5.00000000
1604386669981,375.27000000,51.97073000,375.28000000,5.00000000
1604386671070,375.28000000,54.38575000,375.29000000,5.76905000
1604386672037,375.25000000,77.51036000,375.26000000,5.00000000
1604386673088,375.24000000,0.43557000,375.25000000,147.96258000
1604386674093,375.21000000,42.53356000,375.22000000,12.92120000
1604386675078,375.21000000,198.31094000,375.22000000,3.00000000
1604386676082,375.21000000,73.91094000,375.22000000,3.00000000
1604386677065,375.27000000,112.11727000,375.28000000,4.00000000
1604386678067,375.27000000,20.00000000,375.28000000,61.19286000
1604386678961,375.27000000,20.00000000,375.28000000,61.16151000
1604386680095,375.27000000,60.66064000,375.28000000,3.96865000
1604386681048,375.36000000,5.00000000,375.37000000,55.17337000
1604386682091,375.34000000,26.29726000,375.35000000,35.00000000
1604386683079,375.34000000,31.38161000,375.35000000,34.95920000
1604386684071,375.34000000,25.37198000,375.35000000,53.03698000
1604386685098,375.37000000,56.03581000,375.38000000,0.14882000
1604386686098,375.43000000,29.31123000,375.44000000,46.87895000
1604386687088,375.43000000,24.63600000,375.44000000,53.69629000
1604386688088,375.41000000,5.00000000,375.42000000,0.26845000
1604386689092,375.41000000,5.00000000,375.42000000,3.62615000
1604386690013,375.41000000,25.00000000,375.42000000,47.46585000
1604386691097,375.38000000,5.00000000,375.39000000,44.68925000
1604386692080,375.34000000,0.37198000,375.36000000,44.41720000
1604386693066,375.34000000,5.37198000,375.35000000,39.05659000
1604386694068,375.34000000,5.39915000,375.35000000,54.05659000
1604386695092,375.37000000,11.23617000,375.38000000,0.21658000
1604386696079,375.39000000,5.00958000,375.40000000,52.28826000
1604386697087,375.38000000,3.00993000,375.39000000,128.69445000
1604386698067,375.38000000,0.00093000,375.39000000,146.53472000
1604386699059,375.38000000,0.00093000,375.39000000,146.53472000
1604386699985,375.38000000,0.00093000,375.39000000,146.53472000
1604386701101,375.28000000,1.92751000,375.29000000,15.00000000
1604386702098,375.25000000,83.95759000,375.26000000,17.34714000
1604386703101,375.32000000,40.96008000,375.33000000,8.20843000
1604386704100,375.32000000,0.39996000,375.33000000,24.85194000
1604386705082,375.32000000,0.28928000,375.33000000,54.79627000
1604386705978,375.32000000,0.28928000,375.33000000,96.51513000
1604386707092,375.26000000,0.18340000,375.27000000,48.29659000
1604386708078,375.24000000,5.00000000,375.25000000,7.39018000
1604386709091,375.27000000,5.00000000,375.28000000,9.42755000
1604386710102,375.27000000,5.00000000,375.28000000,14.17715000
1604386711103,375.31000000,60.50000000,375.32000000,13.76611000
1604386712103,375.31000000,56.52701000,375.34000000,21.97937000
1604386713101,375.31000000,35.00000000,375.33000000,23.77431000
1604386714103,375.34000000,20.00000000,375.35000000,65.89389000
1604386715089,375.34000000,50.00000000,375.35000000,22.34794000
1604386716103,375.34000000,20.00000000,375.35000000,128.17208000
1604386717074,375.31000000,26.25930000,375.32000000,75.10376000
1604386718096,375.31000000,0.32063000,375.32000000,137.85481000
1604386719096,375.31000000,0.28916000,375.32000000,144.27246000
1604386720097,375.34000000,59.00088000,375.35000000,3.76974000
1604386721094,375.34000000,20.00000000,375.35000000,42.20199000
1604386722106,375.31000000,36.73908000,375.34000000,10.40649000
1604386723073,375.31000000,25.00000000,375.32000000,7.27506000
1604386724106,375.21000000,13.19040000,375.24000000,47.86116000
1604386725105,375.23000000,32.04707000,375.26000000,12.83144000
1604386726100,375.25000000,10.68088000,375.26000000,2.83144000
1604386727092,375.29000000,30.00000000,375.30000000,72.03947000
1604386727926,375.29000000,30.00000000,375.30000000,82.00848000
1604386729102,375.25000000,33.32456000,375.27000000,61.51252000
1604386730070,375.25000000,41.26815000,375.26000000,6.63163000
1604386731049,375.25000000,9.83541000,375.26000000,55.02942000
1604386732004,375.25000000,9.83541000,375.26000000,55.02942000
1604386733093,375.25000000,40.04218000,375.26000000,25.02942000
1604386734100,375.28000000,43.21401000,375.30000000,45.43319000
1604386734994,375.28000000,31.54079000,375.29000000,9.44738000
1604386736093,375.27000000,1.34656000,375.28000000,3.25704000
1604386737098,375.28000000,37.88264000,375.30000000,6.06347000
1604386738100,375.26000000,1.70423000,375.28000000,32.46888000
1604386739082,375.26000000,20.00000000,375.27000000,39.91488000
1604386739953,375.26000000,25.00000000,375.27000000,159.46746000
1604386741015,375.26000000,63.33513000,375.27000000,126.33346000
1604386742102,375.34000000,104.15081000,375.35000000,0.23431000
1604386743110,375.39000000,10.30896000,375.40000000,1.00000000
1604386744062,375.39000000,0.00088000,375.40000000,94.09775000
1604386745094,375.39000000,0.00088000,375.40000000,45.91970000
1604386746106,375.37000000,4.73296000,375.38000000,76.29736000
1604386747110,375.37000000,5.00000000,375.38000000,30.00000000
1604386748105,375.37000000,11.94490000,375.40000000,93.28292000
1604386749110,375.34000000,9.13350000,375.38000000,125.38540000
1604386750109,375.39000000,26.90390000,375.40000000,0.97026000
1604386751066,375.38000000,1.13950000,375.39000000,94.07012000
1604386752086,375.37000000,32.07955000,375.38000000,30.00000000
1604386753098,375.39000000,0.08032000,375.40000000,102.30379000
1604386754036,375.39000000,0.07187000,375.40000000,102.30379000
1604386754808,375.39000000,0.00033000,375.40000000,102.30379000
1604386756101,375.39000000,0.08149000,375.40000000,102.30379000
1604386756925,375.39000000,0.00003000,375.40000000,102.30379000
1604386758104,375.39000000,61.75788000,375.40000000,0.77647000
1604386759083,375.39000000,25.00003000,375.40000000,34.20822000
1604386760110,375.37000000,6.01881000,375.38000000,81.77252000
1604386761100,375.39000000,34.56372000,375.40000000,30.77647000
1604386762106,375.39000000,34.56372000,375.40000000,0.73398000
1604386763067,375.39000000,72.15333000,375.40000000,0.73398000
1604386764066,375.39000000,41.85468000,375.40000000,34.16555000
1604386765091,375.39000000,41.69673000,375.40000000,39.54898000
1604386766019,375.39000000,41.69673000,375.40000000,39.54903000
1604386767108,375.39000000,3.72529000,375.40000000,49.40451000
1604386768109,375.36000000,5.00000000,375.37000000,40.72702000
1604386769098,375.39000000,45.45512000,375.40000000,55.21982000
1604386770108,375.37000000,10.70000000,375.38000000,43.97668000
1604386771112,375.37000000,5.00000000,375.38000000,38.97678000
1604386772097,375.37000000,27.62449000,375.38000000,4.54532000
1604386773093,375.35000000,6.28400000,375.36000000,103.64722000
1604386774113,375.35000000,30.00092000,375.36000000,46.92057000
1604386775113,375.34000000,61.58696000,375.35000000,3.43190000
1604386776091,375.37000000,59.99401000,375.38000000,7.38466000
1604386777083,375.37000000,59.99401000,375.38000000,6.29154000
1604386778006,375.37000000,31.32881000,375.38000000,6.29154000
1604386779109,375.37000000,9.99401000,375.38000000,6.29154000
1604386780114,375.33000000,17.54770000,375.34000000,64.76490000
1604386781045,375.33000000,10.00000000,375.34000000,94.76490000
1604386782110,375.33000000,47.68575000,375.34000000,5.00000000
1604386783027,375.35000000,7.08020000,375.36000000,44.38672000
1604386784093,375.35000000,1.44641000,375.36000000,44.38672000
1604386785067,375.36000000,3.90360000,375.37000000,100.40912000
1604386786113,375.35000000,49.19767000,375.39000000,0.11785000
1604386786998,375.38000000,5.00000000,375.39000000,3.51686000
1604386788111,375.38000000,18.83983000,375.39000000,5.00000000
1604386789119,375.41000000,88.03438000,375.42000000,5.23599000
1604386790064,375.41000000,47.26555000,375.42000000,5.00000000
1604386791110,375.40000000,11.28400000,375.41000000,7.07555000
1604386791971,375.40000000,11.28400000,375.41000000,40.88314000
1604386793118,375.40000000,48.06867000,375.41000000,2.07555000
1604386794119,375.43000000,51.33884000,375.44000000,3.71123000
1604386795121,375.42000000,10.00000000,375.43000000,5.44397000
1604386796120,375.42000000,12.68137000,375.43000000,5.44397000
1604386797121,375.41000000,5.00000000,375.43000000,31.85561000
1604386798112,375.43000000,5.00000000,375.44000000,38.04884000
1604386799122,375.43000000,0.37823000,375.44000000,41.27649000
1604386800122,375.37000000,3.18509000,375.38000000,5.00000000
1604386801114,375.45000000,5.00000000,375.46000000,78.78470000
1604386802106,375.44000000,5.00000000,375.45000000,34.58839000
1604386803062,375.44000000,5.00000000,375.45000000,34.58839000
1604386804123,375.43000000,5.00000000,375.44000000,109.27116000
1604386805118,375.45000000,76.83915000,375.46000000,30.29021000
1604386806123,375.45000000,5.00000000,375.46000000,3.97934000
1604386807119,375.44000000,4.22215000,375.45000000,99.14740000
1604386808119,375.43000000,10.00000000,375.44000000,118.92911000
1604386809124,375.46000000,6.66373000,375.47000000,30.00000000
1604386810124,375.49000000,45.31160000,375.50000000,5.94091000
1604386811122,375.53000000,95.47997000,375.54000000,1.26930000
1604386812117,375.57000000,171.61081000,375.58000000,0.56388000
1604386813086,375.57000000,49.64574000,375.58000000,32.08780000
1604386814111,375.57000000,107.61011000,375.58000000,0.34491000
1604386815125,375.58000000,5.00000000,375.61000000,37.01018000
1604386816121,375.58000000,5.00000000,375.59000000,41.55830000
1604386817118,375.57000000,0.15866000,375.58000000,6.63373000
1604386818119,375.57000000,0.15866000,375.58000000,26.53585000
1604386819125,375.57000000,5.96263000,375.58000000,24.61172000
1604386820123,375.57000000,0.96263000,375.58000000,39.68128000
1604386820945,375.57000000,0.96263000,375.58000000,39.68128000
1604386822003,375.57000000,0.96263000,375.58000000,39.60693000
1604386823121,375.60000000,56.54964000,375.61000000,30.25743000
1604386824119,375.67000000,3.96996000,375.68000000,42.79974000
1604386825118,375.67000000,13.22210000,375.68000000,30.00000000
1604386826125,375.68000000,0.27882000,375.70000000,5.43775000
1604386827125,375.70000000,11.34791000,375.71000000,37.05379000
1604386828072,375.68000000,9.34583000,375.69000000,34.98916000
1604386829115,375.68000000,9.34583000,375.69000000,34.98916000
1604386830125,375.68000000,9.62462000,375.69000000,8.24241000
1604386831109,375.68000000,10.42316000,375.69000000,7.55241000
1604386832125,375.68000000,97.92316000,375.69000000,7.30056000
1604386833129,375.68000000,124.90036000,375.72000000,8.80204000
1604386834124,375.69000000,9.17200000,375.70000000,7.18727000
1604386835078,375.69000000,89.95040000,375.70000000,3.00000000
1604386836107,375.75000000,4.89600000,375.76000000,45.89001000
1604386837117,375.75000000,46.89600000,375.76000000,45.60014000
1604386838058,375.75000000,47.20958000,375.76000000,45.60014000
1604386839110,375.75000000,47.20958000,375.76000000,30.00000000
1604386840128,375.78000000,8.13066000,375.79000000,40.11388000
1604386841081,375.78000000,4.89700000,375.79000000,40.00798000
1604386842113,375.78000000,4.89700000,375.79000000,40.11388000
1604386843126,375.87000000,13.37347000,375.88000000,40.76645000
1604386844122,375.87000000,8.72069000,375.88000000,39.79099000
1604386845127,375.87000000,8.72069000,375.88000000,39.79099000
1604386846125,375.86000000,7.23454000,375.87000000,6.19677000
1604386847102,375.86000000,7.19873000,375.87000000,6.02558000
1604386848092,375.86000000,5.87060000,375.87000000,6.02558000
1604386849128,375.67000000,14.29622000,375.68000000,125.19711000
1604386850128,375.53000000,5.00000000,375.54000000,25.02990000
1604386851120,375.53000000,6.41332000,375.54000000,1.33085000
1604386852067,375.53000000,6.41332000,375.54000000,1.01602000
1604386853035,375.53000000,6.34632000,375.54000000,23.22978000
1604386854085,375.53000000,7.74700000,375.54000000,22.50615000
1604386855124,375.53000000,37.74700000,375.54000000,2.46579000
1604386856129,375.54000000,32.78775000,375.55000000,6.00000000
1604386857109,375.54000000,10.98930000,375.55000000,5.91596000
1604386858122,375.54000000,47.87006000,375.55000000,5.80135000
1604386859126,375.58000000,5.00000000,375.59000000,29.96438000
1604386860128,375.58000000,5.00000000,375.59000000,14.80570000
1604386861105,375.53000000,6.37179000,375.54000000,117.07813000
1604386862051,375.53000000,6.37179000,375.54000000,115.90855000
1604386863003,375.53000000,5.60074000,375.54000000,115.87528000
1604386864121,375.53000000,6.44549000,375.54000000,23.11497000
1604386865119,375.50000000,2.00000000,375.51000000,131.49528000
1604386866124,375.49000000,4.67215000,375.51000000,12.16941000
1604386867099,375.50000000,3.28816000,375.53000000,2.88533000
1604386868124,375.50000000,8.94579000,375.51000000,6.00000000
1604386869126,375.52000000,13.81426000,375.53000000,4.00000000
1604386870132,375.52000000,13.14852000,375.53000000,4.00000000
1604386871124,375.52000000,57.67323000,375.53000000,4.00000000
1604386872107,375.52000000,12.14852000,375.53000000,3.85577000
1604386873123,375.52000000,12.14852000,375.53000000,3.85577000
1604386874127,375.54000000,18.80036000,375.55000000,0.34971000
1604386875127,375.54000000,18.80036000,375.55000000,0.34971000
1604386876130,375.54000000,18.80036000,375.55000000,0.34971000
1604386877014,375.54000000,18.80036000,375.55000000,0.34971000
1604386878131,375.54000000,18.80036000,375.55000000,0.31758000
1604386879135,375.54000000,69.30036000,375.55000000,0.31758000
1604386880068,375.54000000,163.61087000,375.55000000,0.66258000
1604386881106,375.54000000,27.09406000,375.55000000,4.07858000
1604386882136,375.52000000,6.95729000,375.53000000,20.00000000
1604386883124,375.48000000,22.21995000,375.49000000,26.17785000
1604386884134,375.49000000,5.00000000,375.50000000,10.00000000
1604386885118,375.44000000,0.02930000,375.45000000,45.65517000
1604386886137,375.46000000,9.79915000,375.47000000,7.37486000
1604386887128,375.43000000,10.22985000,375.44000000,11.21729000
1604386888132,375.46000000,6.88332000,375.48000000,0.38445000
1604386889122,375.46000000,12.14327000,375.48000000,0.38445000
1604386890127,375.47000000,191.67330000,375.48000000,0.00045000
1604386891112,375.50000000,25.04398000,375.53000000,12.86158000
1604386892130,375.44000000,0.14277000,375.46000000,4.70300000
1604386893128,375.45000000,0.14306000,375.46000000,72.17592000
1604386894128,375.43000000,10.00000000,375.44000000,120.80918000
1604386895118,375.43000000,10.00000000,375.44000000,90.20546000
1604386896124,375.43000000,9.95300000,375.44000000,13.19478000
1604386897102,375.43000000,9.95300000,375.44000000,13.19478000
1604386898140,375.43000000,9.95300000,375.44000000,18.19478000
1604386899134,375.43000000,9.95300000,375.44000000,13.13335000
1604386900140,375.43000000,6.21500000,375.44000000,13.13335000
1604386901141,375.46000000,116.07754000,375.47000000,0.21888000
1604386902120,375.47000000,9.52359000,375.48000000,4.21210000
1604386903138,375.43000000,6.21500000,375.44000000,105.51465000
1604386904117,375.43000000,6.21500000,375.44000000,105.51465000
1604386905049,375.43000000,13.58561000,375.44000000,13.01465000
1604386906123,375.43000000,10.94244000,375.44000000,5.00000000
1604386907082,375.43000000,10.94244000,375.44000000,4.16500000
1604386908079,375.43000000,3.57183000,375.44000000,76.51008000
1604386909140,375.44000000,8.10703000,375.45000000,0.20000000
1604386910094,375.46000000,8.88378000,375.47000000,2.15333000
1604386911122,375.46000000,8.88378000,375.47000000,8.47331000
1604386912141,375.49000000,62.25127000,375.50000000,4.27837000
1604386913137,375.49000000,37.46793000,375.50000000,0.64716000
1604386914146,375.49000000,0.20389000,375.50000000,86.92833000
1604386915148,375.44000000,5.11949000,375.47000000,2.67481000
1604386916129,375.45000000,5.00000000,375.46000000,8.37235000
1604386917067,375.45000000,5.00000000,375.46000000,71.87235000
1604386918147,375.40000000,1.43206000,375.43000000,8.15585000
1604386919145,375.41000000,7.71732000,375.44000000,0.20749000
1604386920145,375.42000000,5.00000000,375.43000000,2.94794000
1604386921099,375.44000000,5.00000000,375.45000000,0.74900000
1604386922134,375.44000000,8.60309000,375.45000000,2.63998000
1604386923037,375.44000000,8.60309000,375.45000000,2.56595000
1604386924151,375.44000000,109.68396000,375.45000000,5.59108000
1604386925151,375.49000000,33.37545000,375.50000000,0.05696000
1604386926034,375.49000000,13.37545000,375.50000000,8.24184000
1604386927123,375.40000000,31.96394000,375.41000000,2.07000000
1604386928150,375.46000000,33.68021000,375.47000000,0.74900000
1604386929124,375.47000000,9.38382000,375.48000000,1.86252000
1604386930147,375.44000000,1.60061000,375.45000000,6.26148000
1604386931144,375.47000000,5.16173000,375.49000000,1.81537000
1604386932121,375.47000000,9.22542000,375.48000000,0.87063000
1604386933136,375.47000000,9.92945000,375.48000000,5.00000000
1604386933906,375.47000000,10.08215000,375.48000000,5.00000000
1604386935132,375.44000000,0.09861000,375.45000000,59.84138000
1604386936150,375.44000000,3.02880000,375.45000000,1.79038000
1604386937130,375.45000000,24.52583000,375.46000000,8.90865000
1604386938124,375.44000000,10.39401000,375.45000000,5.00000000
1604386939135,375.46000000,17.64334000,375.47000000,0.64200000
1604386940152,375.42000000,0.25769000,375.47000000,1.40522000
1604386941130,375.42000000,9.99749000,375.43000000,10.00000000
1604386942140,375.40000000,4.09917000,375.41000000,111.51017000
1604386943079,375.40000000,0.00017000,375.41000000,84.51017000
1604386943911,375.40000000,0.00014000,375.41000000,84.51017000
1604386945151,375.40000000,0.00014000,375.41000000,79.51017000
1604386946117,375.40000000,0.00014000,375.41000000,19.01017000
1604386947064,375.40000000,0.00014000,375.41000000,19.01017000
1604386948111,375.40000000,0.00014000,375.41000000,18.98028000
1604386948938,375.40000000,0.00014000,375.41000000,18.98028000
1604386950097,375.40000000,0.00014000,375.41000000,18.98028000
1604386951111,375.40000000,0.00014000,375.41000000,85.13027000
1604386952133,375.40000000,0.00014000,375.41000000,87.12811000
1604386953074,375.40000000,0.00014000,375.41000000,98.30642000
1604386954157,375.31000000,0.00882000,375.32000000,4.43249000
1604386955157,375.24000000,5.00000000,375.25000000,72.26099000
1604386956152,375.22000000,70.32560000,375.23000000,0.00080000
1604386957146,375.24000000,28.81562000,375.25000000,7.33669000
1604386958139,375.24000000,58.81562000,375.25000000,7.33669000
1604386959158,375.27000000,5.00000000,375.28000000,41.84902000
1604386960158,375.27000000,29.67550000,375.33000000,6.40000000
1604386961142,375.29000000,28.23070000,375.30000000,7.24657000
1604386962144,375.28000000,33.56414000,375.29000000,1.80670000
1604386963158,375.23000000,18.50877000,375.24000000,5.53270000
1604386964155,375.21000000,0.38530000,375.22000000,71.10787000
1604386965149,375.11000000,15.58324000,375.12000000,1.00234000
1604386966125,375.11000000,44.21101000,375.12000000,0.00089000
1604386967159,375.11000000,7.21239000,375.12000000,6.90109000
1604386968107,375.13000000,5.00000000,375.14000000,98.70898000
1604386969151,375.14000000,5.00000000,375.15000000,46.14222000
1604386970160,375.06000000,5.00000000,375.09000000,8.09170000
1604386971146,375.05000000,47.56531000,375.06000000,0.35866000
1604386972160,375.05000000,5.00000000,375.06000000,1.79835000
1604386973147,375.05000000,42.35601000,375.06000000,0.09211000
1604386974156,375.07000000,101.19674000,375.08000000,0.21597000
1604386975162,375.05000000,5.09768000,375.06000000,16.68249000
1604386976157,374.93000000,38.46007000,374.94000000,9.91404000
1604386977159,374.96000000,5.00000000,374.97000000,67.64824000
1604386978128,374.95000000,11.52621000,374.96000000,43.11858000
1604386979141,374.94000000,44.17493000,374.95000000,1.28400000
1604386980162,374.98000000,15.53418000,374.99000000,0.26444000
1604386981156,374.99000000,12.64052000,375.00000000,1.83092000
1604386982163,374.99000000,4.66551000,375.00000000,83.88605000
1604386983142,374.98000000,5.00000000,374.99000000,53.42784000
1604386984143,374.98000000,40.51221000,374.99000000,43.19952000
1604386985110,375.00000000,4.75831000,375.01000000,63.27449000
1604386986088,374.99000000,5.02461000,375.00000000,84.21727000
1604386987102,374.99000000,0.03414000,375.00000000,19.71727000
1604386988153,375.00000000,52.84220000,375.01000000,43.84862000
1604386989164,375.00000000,10.38373000,375.01000000,0.66339000
1604386990162,375.02000000,43.46442000,375.03000000,16.41766000
1604386991149,375.02000000,47.28229000,375.03000000,21.41766000
1604386992161,375.02000000,4.09749000,375.04000000,52.13329000
1604386993164,375.05000000,9.24042000,375.06000000,10.00000000
1604386994122,375.04000000,0.24305000,375.05000000,19.93062000
1604386994989,375.04000000,0.24305000,375.05000000,19.89862000
1604386996163,375.02000000,7.47185000,375.03000000,5.00000000
1604386997163,374.91000000,152.53726000,374.98000000,0.49695000
1604386998161,374.99000000,91.13110000,375.02000000,49.51450000
1604386999167,375.01000000,122.13942000,375.02000000,2.01800000
1604387000145,375.02000000,143.40964000,375.03000000,7.67831000
1604387001166,375.02000000,135.37597000,375.03000000,4.67831000
1604387002167,375.01000000,1.11392000,375.02000000,8.62570000
1604387003090,375.01000000,6.03828000,375.02000000,8.62570000
1604387004121,375.01000000,4.93474000,375.02000000,9.34847000
1604387005133,375.01000000,72.43474000,375.02000000,4.37900000
1604387006140,375.01000000,71.68704000,375.02000000,8.15900000
1604387007143,375.01000000,83.29767000,375.02000000,7.93069000
1604387008162,375.01000000,113.54545000,375.02000000,7.93069000
1604387009125,375.01000000,113.54545000,375.02000000,7.93069000
1604387010149,375.01000000,81.66995000,375.03000000,5.00000000
1604387011154,375.02000000,143.58633000,375.03000000,0.13200000
1604387012136,375.07000000,54.06035000,375.08000000,4.57316000
1604387013166,375.06000000,4.86031000,375.07000000,7.56755000
1604387014169,375.07000000,2.41127000,375.08000000,5.00000000
1604387015151,375.05000000,105.90259000,375.06000000,3.83100000
1604387016171,375.02000000,0.50000000,375.03000000,5.00000000
1604387017152,375.02000000,2.95288000,375.03000000,8.02377000
1604387018143,375.03000000,46.09785000,375.04000000,5.00000000
1604387019168,375.03000000,9.66486000,375.04000000,18.56894000
1604387020166,375.03000000,5.00000000,375.07000000,1.38992000
1604387021170,375.03000000,33.02900000,375.04000000,10.77962000
1604387022135,375.03000000,32.88873000,375.04000000,16.10274000
1604387023146,375.03000000,60.50000000,375.04000000,9.92858000
1604387024171,375.06000000,99.31173000,375.07000000,12.18725000
1604387025170,375.06000000,118.22021000,375.07000000,0.20669000
1604387026124,375.06000000,30.85421000,375.07000000,5.20669000
1604387027158,375.06000000,30.85421000,375.07000000,4.52969000
1604387028172,375.06000000,35.85421000,375.12000000,5.70213000
1604387029173,375.10000000,1.27721000,375.11000000,6.30400000
1604387030065,375.07000000,93.94161000,375.08000000,5.00000000
1604387031150,375.07000000,36.94161000,375.08000000,4.49500000
1604387032164,375.08000000,32.56772000,375.09000000,5.00000000
1604387033150,375.08000000,12.56767000,375.09000000,5.15051000
1604387034169,375.08000000,73.06767000,375.09000000,5.15051000
1604387035173,375.08000000,73.06767000,375.09000000,5.15051000
1604387036129,375.08000000,73.06767000,375.09000000,5.15051000
1604387037151,375.08000000,73.06767000,375.09000000,5.20400000
1604387038170,375.00000000,111.22156000,375.07000000,42.63798000
1604387039161,375.01000000,1.28400000,375.04000000,14.17581000
1604387040172,375.03000000,59.14979000,375.04000000,5.00000000
1604387041141,375.03000000,59.14979000,375.04000000,1.00000000
1604387042163,375.06000000,93.39226000,375.07000000,0.21874000
1604387043175,375.08000000,2.83434000,375.09000000,5.00000000
1604387044175,375.10000000,23.66361000,375.11000000,24.86535000
1604387045138,375.10000000,26.45268000,375.11000000,5.00000000
1604387046045,375.10000000,25.65354000,375.11000000,5.00000000
1604387047175,375.08000000,1.86578000,375.09000000,53.08491000
1604387048171,375.04000000,106.26782000,375.05000000,6.82736000
1604387049039,375.04000000,106.26782000,375.05000000,1.82736000
1604387050058,375.04000000,106.26782000,375.05000000,1.82736000
1604387051148,375.04000000,106.26782000,375.05000000,1.79768000
1604387052156,375.04000000,126.26782000,375.05000000,1.79768000
1604387053075,375.04000000,126.23455000,375.05000000,1.76441000
1604387054153,375.04000000,126.23455000,375.05000000,1.76441000
1604387055096,375.04000000,106.23455000,375.05000000,1.76441000
1604387056180,375.04000000,106.23455000,375.05000000,1.76441000
1604387057178,375.01000000,0.56574000,375.04000000,16.85642000
1604387058179,375.04000000,27.37000000,375.05000000,27.86640000
1604387059052,375.04000000,27.37000000,375.05000000,27.86640000
1604387060161,375.02000000,2.98332000,375.05000000,21.42414000
1604387061173,375.02000000,65.69569000,375.03000000,5.82512000
1604387062182,375.02000000,54.67773000,375.03000000,5.82512000
1604387063103,375.02000000,54.67773000,375.03000000,5.82512000
1604387064162,375.02000000,103.76813000,375.03000000,6.44600000
1604387065125,375.02000000,103.76813000,375.03000000,1.44600000
1604387066157,375.02000000,129.32643000,375.03000000,1.44600000
1604387067147,375.02000000,165.17819000,375.03000000,1.44600000
1604387067909,375.02000000,135.17819000,375.03000000,1.41583000
1604387069127,375.02000000,133.40419000,375.03000000,0.00003000
1604387070057,375.02000000,133.40419000,375.03000000,0.00003000
1604387071064,375.02000000,133.40419000,375.03000000,0.00003000
1604387072173,375.02000000,127.55243000,375.03000000,0.00003000
1604387073120,375.02000000,157.55243000,375.03000000,0.00003000
1604387074176,375.06000000,28.35185000,375.07000000,5.96973000
1604387075180,375.09000000,89.43430000,375.13000000,8.26644000
1604387076172,375.11000000,22.94175000,375.12000000,21.25091000
1604387077184,375.11000000,112.45084000,375.12000000,5.00000000
1604387078184,375.11000000,114.45084000,375.12000000,5.00000000
1604387079016,375.11000000,114.19465000,375.12000000,5.00000000
1604387080184,375.11000000,6.03691000,375.12000000,8.98500000
1604387081180,375.11000000,2.00000000,375.12000000,16.75138000
1604387082183,375.11000000,2.00000000,375.12000000,21.47743000
1604387083183,375.11000000,2.00000000,375.12000000,125.81310000
1604387084171,375.05000000,28.24387000,375.06000000,15.29740000
1604387085174,375.05000000,115.74387000,375.06000000,7.73150000
1604387086100,375.05000000,8.24387000,375.06000000,15.37326000
1604387087185,375.03000000,83.37765000,375.04000000,15.33050000
1604387088175,375.04000000,5.00000000,375.08000000,11.99172000
1604387089179,375.04000000,5.32164000,375.08000000,9.64211000
1604387090181,375.04000000,106.67745000,375.05000000,7.34407000
1604387091185,375.02000000,23.91961000,375.05000000,8.39536000
1604387092180,375.05000000,76.46620000,375.07000000,15.90349000
1604387093186,375.03000000,8.53762000,375.06000000,7.97353000
1604387094183,375.03000000,0.53337000,375.07000000,0.29080000
1604387095184,375.03000000,5.53337000,375.04000000,12.49459000
1604387096187,375.03000000,0.00037000,375.04000000,10.72476000
1604387097186,375.00000000,16.78578000,375.01000000,67.60574000
1604387098189,375.00000000,0.00008000,375.01000000,67.50374000
1604387099187,374.93000000,76.50000000,374.94000000,16.40675000
1604387100188,374.91000000,0.04584000,374.93000000,5.00000000
1604387101152,374.91000000,54.04584000,374.92000000,2.83886000
1604387102189,374.92000000,96.14809000,374.93000000,9.47476000
1604387103180,374.91000000,0.06680000,374.93000000,3.79319000
1604387104164,374.92000000,45.00000000,374.93000000,17.39561000
1604387105075,374.91000000,0.06680000,374.92000000,2.33388000
1604387106137,374.91000000,65.06680000,374.92000000,3.72037000
1604387107187,374.91000000,4.98812000,374.94000000,57.20679000
1604387108183,374.91000000,10.82290000,374.95000000,54.04227000
1604387109155,374.91000000,0.00091000,374.92000000,25.46114000
1604387110192,374.91000000,0.00091000,374.92000000,25.33325000
1604387111151,374.91000000,0.00091000,374.92000000,25.33325000
1604387112072,374.91000000,0.00091000,374.92000000,75.83325000
1604387113111,374.91000000,0.00091000,374.92000000,85.17379000
1604387114187,374.91000000,0.00091000,374.92000000,78.67379000
1604387115194,374.91000000,0.00091000,374.92000000,20.46114000
1604387116179,374.89000000,71.34825000,374.90000000,72.37303000
1604387117191,374.86000000,141.14643000,374.87000000,2.24523000
1604387118194,374.86000000,141.05324000,374.87000000,2.19203000
1604387119179,374.86000000,141.05324000,374.87000000,1.68616000
1604387120092,374.86000000,141.05324000,374.87000000,0.00016000
1604387121190,374.90000000,68.50081000,374.91000000,9.10110000
1604387122193,374.82000000,8.50000000,374.83000000,7.41300000
1604387123188,374.83000000,5.53515000,374.86000000,0.18598000
1604387124194,374.83000000,125.91211000,374.84000000,10.19103000
1604387125186,374.83000000,120.91211000,374.84000000,14.45762000
1604387126195,374.81000000,5.00000000,374.82000000,13.74547000
1604387127186,374.81000000,5.00000000,374.82000000,18.01426000
1604387128154,374.81000000,11.93710000,374.82000000,18.01426000
1604387129191,374.80000000,51.00000000,374.81000000,36.99553000
1604387130115,374.80000000,143.10511000,374.81000000,9.08456000
1604387131188,374.80000000,47.27332000,374.81000000,26.85836000
1604387132196,374.80000000,44.36960000,374.81000000,63.65838000
1604387133191,374.80000000,42.21302000,374.81000000,63.65838000
1604387134168,374.80000000,42.21302000,374.81000000,62.65841000
1604387135167,374.80000000,18.69935000,374.81000000,71.92942000
1604387136184,374.80000000,15.10135000,374.81000000,70.75680000
1604387137191,374.80000000,8.79725000,374.81000000,74.74195000
1604387138186,374.80000000,4.67525000,374.81000000,71.08208000
1604387139198,374.71000000,0.06768000,374.78000000,5.56919000
1604387140198,374.77000000,5.13600000,374.80000000,2.89647000
1604387141178,374.76000000,6.51816000,374.77000000,3.06516000
1604387142192,374.75000000,12.43091000,374.76000000,3.26936000
1604387143191,374.74000000,6.05159000,374.79000000,13.28878000
1604387144185,374.77000000,5.54450000,374.78000000,5.00000000
1604387145197,374.77000000,5.54450000,374.78000000,5.00000000
1604387146197,374.73000000,6.03016000,374.76000000,9.34107000
1604387147198,374.76000000,8.63111000,374.77000000,5.00000000
1604387148199,374.72000000,26.04700000,374.76000000,43.48199000
1604387149197,374.73000000,23.63172000,374.74000000,17.11122000
1604387150141,374.71000000,1.76589000,374.72000000,5.00000000
1604387151193,374.72000000,5.00000000,374.73000000,18.92622000
1604387152200,374.74000000,20.00000000,374.75000000,11.47755000
1604387153173,374.72000000,28.41582000,374.73000000,0.32000000
1604387154194,374.72000000,58.98569000,374.73000000,0.49800000
1604387155127,374.72000000,59.14938000,374.73000000,5.49800000
1604387156097,374.72000000,60.18614000,374.73000000,5.49800000
1604387157199,374.72000000,60.18614000,374.73000000,5.49800000
1604387158201,374.77000000,20.00000000,374.78000000,47.62445000
1604387159185,374.72000000,4.41953000,374.76000000,41.91991000
1604387160201,374.71000000,35.91736000,374.73000000,24.16983000
1604387161168,374.71000000,8.46248000,374.74000000,88.39983000
1604387162193,374.71000000,58.69160000,374.75000000,4.17627000
1604387163184,374.74000000,0.03231000,374.75000000,92.05573000
1604387164202,374.90000000,51.25518000,374.91000000,1.37317000
1604387165174,374.88000000,26.55848000,374.89000000,5.00000000
1604387166119,374.88000000,120.19672000,374.89000000,4.00003000
1604387167130,374.88000000,117.30555000,374.89000000,3.93784000
1604387168133,374.88000000,113.35043000,374.89000000,2.90394000
1604387169188,374.88000000,113.35043000,374.89000000,5.93100000
1604387170194,374.88000000,124.24273000,374.89000000,4.93103000
1604387171041,374.88000000,124.24273000,374.89000000,4.93103000
1604387172178,374.88000000,124.24273000,374.89000000,4.93103000
1604387173134,374.88000000,124.24273000,374.89000000,3.78508000
1604387174110,374.88000000,113.35043000,374.89000000,33.73508000
1604387174689,374.88000000,113.35043000,374.89000000,33.70436000
1604387176198,374.88000000,113.35043000,374.89000000,33.70436000
1604387177178,374.88000000,113.41434000,374.89000000,33.70436000
1604387178029,374.88000000,113.41434000,374.89000000,33.70436000
1604387178947,374.88000000,113.41434000,374.89000000,33.70436000
1604387180206,374.90000000,4.59928000,374.91000000,33.88475000
1604387180848,374.88000000,5.99759000,374.91000000,33.88475000
1604387182204,374.80000000,0.80043000,374.81000000,21.59422000
1604387183206,374.80000000,117.58195000,374.81000000,10.10080000
1604387184208,374.80000000,77.97126000,374.81000000,52.87023000
1604387185127,374.79000000,44.09861000,374.80000000,5.00000000
1604387186183,374.81000000,2.68031000,374.84000000,7.79484000
1604387187208,374.83000000,86.01335000,374.84000000,7.79484000
1604387188162,374.83000000,86.01335000,374.84000000,7.79484000
1604387189098,374.83000000,86.01335000,374.84000000,7.79484000
1604387190199,374.70000000,95.75110000,374.71000000,4.84077000
1604387191208,374.68000000,6.70000000,374.69000000,57.12785000
1604387192132,374.71000000,37.48057000,374.72000000,21.78806000
1604387193209,374.74000000,110.71166000,374.75000000,5.27084000
1604387194207,374.74000000,109.41482000,374.75000000,16.11594000
1604387195204,374.74000000,105.27827000,374.77000000,19.57099000
1604387196200,374.75000000,58.64997000,374.76000000,11.75514000
1604387197178,374.75000000,79.64997000,374.76000000,13.14514000
1604387198205,374.69000000,6.56834000,374.70000000,5.00000000
1604387199200,374.69000000,33.92990000,374.70000000,7.91846000
1604387200212,374.75000000,111.28263000,374.76000000,12.40348000
1604387201210,374.75000000,81.94901000,374.76000000,72.97960000
1604387202202,374.75000000,73.27253000,374.76000000,75.47884000
1604387203165,374.75000000,73.27253000,374.76000000,81.89624000
1604387204184,374.75000000,73.18140000,374.76000000,32.10234000
1604387205138,374.75000000,73.18140000,374.76000000,32.10234000
1604387206206,374.75000000,73.18140000,374.76000000,32.10234000
1604387207211,374.75000000,51.20840000,374.76000000,110.97602000
1604387208161,374.75000000,5.24993000,374.76000000,78.18279000
1604387209212,374.68000000,24.32311000,374.69000000,17.33447000
1604387210191,374.68000000,132.88136000,374.69000000,10.78300000
1604387211212,374.68000000,32.92311000,374.69000000,10.78300000
1604387212158,374.68000000,120.42311000,374.69000000,10.78300000
1604387213150,374.68000000,32.92311000,374.69000000,18.05412000
1604387214212,374.68000000,32.92311000,374.69000000,18.05412000
1604387215143,374.68000000,32.92311000,374.69000000,17.78738000
1604387216205,374.68000000,52.92311000,374.69000000,17.75538000
1604387217207,374.68000000,150.13487000,374.69000000,9.28426000
1604387218213,374.68000000,33.41462000,374.69000000,16.16993000
1604387219218,374.68000000,146.98083000,374.69000000,2.84026000
1604387220201,374.69000000,179.22688000,374.70000000,6.57957000
1604387221217,374.82000000,26.92501000,374.83000000,0.12597000
1604387222215,374.83000000,129.78408000,374.84000000,2.44138000
1604387223216,374.83000000,133.80775000,374.84000000,2.39260000
1604387224218,374.83000000,133.90259000,374.84000000,2.35663000
1604387225147,374.83000000,110.54567000,374.84000000,2.28290000
1604387226179,374.83000000,143.67404000,374.84000000,2.28290000
1604387227095,374.83000000,140.89084000,374.84000000,1.28293000
1604387228159,374.83000000,140.89084000,374.84000000,1.28293000
1604387229214,374.83000000,140.89084000,374.90000000,1.90749000
1604387230221,374.89000000,6.86014000,374.90000000,39.29089000
1604387231221,374.87000000,54.78421000,374.88000000,2.56038000
1604387232179,374.88000000,5.81002000,374.89000000,39.78473000
1604387233131,374.88000000,10.36766000,374.89000000,40.13974000
1604387234145,374.88000000,64.53345000,374.89000000,32.24673000
1604387235106,374.88000000,64.53345000,374.89000000,32.24673000
1604387236196,374.88000000,10.47628000,374.89000000,87.75866000
1604387237198,374.88000000,0.14189000,374.89000000,87.75866000
1604387238212,374.88000000,0.02207000,374.89000000,142.60953000
1604387239219,374.85000000,70.09549000,374.86000000,33.42521000
1604387240163,374.85000000,70.09549000,374.86000000,33.42521000
1604387241173,374.86000000,2.17129000,374.88000000,10.18792000
1604387242217,374.83000000,4.59595000,374.84000000,42.68925000
1604387243187,374.83000000,9.18966000,374.84000000,14.62394000
1604387244211,374.86000000,117.19067000,374.87000000,0.21188000
1604387245211,374.86000000,216.60440000,374.87000000,34.02126000
1604387246147,374.86000000,223.25054000,374.87000000,30.00000000
1604387247132,374.86000000,144.25054000,374.87000000,29.96834000
1604387248224,374.86000000,144.25054000,374.87000000,29.96834000
1604387249155,374.88000000,3.12373000,374.90000000,89.32139000
1604387250205,374.89000000,22.44995000,374.90000000,35.59292000
1604387251226,374.97000000,5.86942000,375.01000000,30.00000000
1604387252221,374.98000000,6.72805000,375.01000000,75.98401000
1604387253222,374.97000000,2.54995000,374.98000000,9.50046000
1604387254220,374.84000000,4.89209000,374.85000000,19.50040000
1604387255165,374.84000000,4.89209000,374.85000000,24.58353000
1604387256219,374.84000000,145.55220000,374.85000000,9.50040000
1604387257189,374.84000000,140.76884000,374.85000000,9.34070000
1604387258208,374.84000000,137.55221000,374.85000000,9.34070000
1604387259151,374.84000000,137.55221000,374.85000000,9.34070000
1604387260227,374.84000000,137.55221000,374.85000000,1.70399000
1604387261182,374.84000000,157.26794000,374.85000000,1.70399000
1604387262211,374.84000000,135.26793000,374.85000000,1.41982000
1604387263220,374.84000000,140.76809000,374.85000000,1.38884000
1604387264196,374.84000000,140.76809000,374.85000000,1.38884000
1604387265101,374.84000000,110.76809000,374.85000000,1.41552000
1604387266228,374.84000000,2.03600000,374.85000000,36.52864000
1604387267228,374.81000000,7.00000000,374.82000000,74.95660000
1604387268228,374.81000000,4.55390000,374.82000000,67.77563000
1604387269214,374.81000000,4.55390000,374.82000000,67.77563000
1604387270214,374.81000000,4.55390000,374.82000000,67.77563000
1604387271084,374.81000000,4.55390000,374.82000000,67.71172000
1604387272228,374.81000000,4.55390000,374.82000000,67.68008000
1604387273230,374.73000000,0.20379000,374.74000000,14.43698000
1604387274230,374.67000000,2.24126000,374.71000000,5.00000000
1604387275206,374.69000000,40.21289000,374.70000000,2.42675000
1604387276201,374.69000000,43.21289000,374.70000000,2.42675000
1604387277225,374.69000000,43.21289000,374.70000000,2.42675000
1604387278222,374.69000000,8.21289000,374.70000000,12.03318000
1604387279224,374.65000000,39.21222000,374.66000000,13.61411000
1604387280087,374.65000000,64.07586000,374.66000000,8.58223000
1604387281171,374.65000000,62.31721000,374.66000000,8.58223000
1604387282169,374.65000000,62.31721000,374.66000000,7.16822000
1604387283189,374.65000000,42.27166000,374.66000000,7.09971000
1604387284232,374.65000000,120.02511000,374.66000000,0.00071000
1604387285222,374.65000000,120.02511000,374.66000000,0.00071000
1604387286230,374.65000000,120.02511000,374.66000000,0.00071000
1604387287226,374.65000000,92.84920000,374.66000000,0.00071000
1604387288203,374.68000000,5.13600000,374.70000000,17.38746000
1604387289203,374.68000000,92.33434000,374.72000000,2.93754000
1604387290215,374.69000000,2.65988000,374.72000000,2.93754000
1604387291229,374.69000000,0.08836000,374.72000000,4.17265000
1604387292234,374.68000000,2.39683000,374.72000000,3.87882000
1604387293110,374.67000000,9.20524000,374.69000000,8.77941000
1604387294167,374.68000000,6.02721000,374.69000000,3.77941000
1604387295228,374.69000000,32.41176000,374.70000000,3.91111000
1604387296222,374.68000000,2.65425000,374.69000000,5.58061000
1604387297207,374.69000000,93.92819000,374.70000000,0.32505000
1604387298140,374.69000000,88.92819000,374.70000000,0.32505000
1604387299202,374.69000000,88.92819000,374.70000000,0.32505000
1604387300233,374.68000000,3.22581000,374.70000000,2.47500000
1604387301237,374.73000000,10.00000000,374.74000000,0.21035000
1604387302209,374.86000000,27.66435000,374.87000000,0.80028000
1604387303226,374.90000000,36.85190000,374.91000000,30.00000000
1604387304237,374.92000000,8.75937000,374.93000000,4.08461000
1604387305237,374.93000000,69.42227000,374.94000000,0.17120000
1604387306231,374.97000000,230.39753000,374.98000000,15.22239000
1604387307238,375.03000000,81.61826000,375.04000000,35.00000000
1604387308217,375.03000000,121.53037000,375.04000000,30.00000000
1604387309238,375.11000000,49.00000000,375.12000000,0.49997000
1604387310238,375.15000000,104.07022000,375.16000000,30.00000000
1604387311237,375.06000000,5.00000000,375.07000000,40.38550000
1604387312234,375.06000000,108.92221000,375.07000000,25.79908000
1604387313238,375.15000000,15.77151000,375.16000000,40.69765000
1604387314238,375.15000000,12.90594000,375.16000000,40.69747000
1604387315230,375.15000000,77.02132000,375.16000000,35.00000000
1604387316190,375.15000000,106.02132000,375.16000000,30.00000000
1604387317235,375.21000000,21.38892000,375.22000000,5.00000000
1604387318234,375.21000000,15.31475000,375.22000000,14.63209000
1604387319207,375.21000000,21.72419000,375.22000000,13.53962000
1604387320242,375.21000000,11.04582000,375.22000000,14.60901000
1604387321200,375.18000000,4.17835000,375.19000000,30.93720000
1604387322192,375.18000000,3.60911000,375.19000000,12.03009000
1604387323241,375.17000000,2.14574000,375.20000000,17.38341000
1604387324233,375.17000000,18.51734000,375.18000000,5.00000000
1604387325236,375.17000000,81.47152000,375.18000000,8.36734000
1604387326231,375.20000000,40.00000000,375.21000000,10.31000000
1604387327222,375.17000000,81.24746000,375.18000000,6.87051000
1604387328228,375.16000000,6.10769000,375.18000000,6.87051000
1604387329222,375.17000000,90.98783000,375.18000000,1.87051000
1604387330229,375.17000000,98.29303000,375.18000000,0.13363000
1604387331223,375.17000000,102.15663000,375.22000000,10.16058000
1604387332244,375.23000000,3.93271000,375.28000000,3.93271000
1604387333209,375.25000000,52.17868000,375.26000000,3.11126000
1604387334242,375.23000000,8.70000000,375.24000000,57.49265000
1604387335233,375.23000000,8.70000000,375.24000000,57.46209000
1604387336229,375.24000000,4.85906000,375.26000000,58.62614000
1604387337245,375.26000000,5.69789000,375.27000000,138.13400000
1604387338225,375.24000000,4.35495000,375.27000000,51.84351000
1604387339212,375.24000000,4.35495000,375.26000000,1.06948000
1604387340246,375.23000000,0.19503000,375.27000000,5.43253000
1604387341243,375.29000000,9.64510000,375.30000000,11.44434000
1604387342235,375.29000000,14.38467000,375.30000000,0.79936000
1604387343246,375.20000000,8.50000000,375.27000000,8.84806000
1604387344225,375.14000000,4.00000000,375.15000000,13.29518000
1604387345247,374.90000000,7.15334000,375.00000000,4.00000000
1604387346240,374.94000000,36.89403000,374.95000000,10.25020000
1604387347247,374.94000000,36.52176000,374.95000000,10.25020000
1604387348245,374.99000000,35.94085000,375.01000000,21.89657000
1604387349244,374.99000000,1.53217000,375.00000000,23.99263000
1604387350213,374.99000000,1.53217000,375.00000000,23.96326000
1604387351247,374.97000000,39.20196000,374.98000000,22.95542000
1604387352230,374.90000000,45.88637000,374.91000000,10.00000000
1604387353222,374.90000000,45.72133000,374.91000000,11.03450000
1604387354241,374.90000000,50.80285000,374.91000000,11.03450000
1604387355187,374.90000000,50.80285000,374.91000000,11.03450000
1604387356240,374.90000000,53.70203000,374.91000000,1.03450000
1604387357248,374.95000000,163.05185000,374.96000000,4.02002000
1604387358218,375.06000000,125.69954000,375.07000000,0.76775000
1604387359243,375.04000000,0.25385000,375.05000000,73.72918000
1604387360246,374.91000000,6.96362000,374.92000000,10.00000000
1604387361244,374.88000000,6.40797000,374.89000000,10.50179000
1604387362249,374.77000000,1.81810000,374.82000000,86.38274000
1604387363249,374.76000000,12.89464000,374.77000000,1.28400000
1604387364248,374.80000000,10.00000000,374.81000000,0.15821000
1604387365241,374.80000000,5.19057000,374.83000000,4.68440000
1604387366245,374.80000000,3.63023000,374.83000000,5.00000000
1604387367241,374.79000000,17.22397000,374.84000000,11.41034000
1604387368250,374.97000000,97.50000000,374.98000000,6.34695000
1604387369229,375.02000000,96.10994000,375.03000000,4.56641000
1604387370239,374.99000000,14.85801000,375.02000000,4.23765000
1604387371227,374.99000000,21.12979000,375.03000000,3.02552000
1604387372237,375.09000000,68.11741000,375.10000000,7.99787000
1604387373246,375.09000000,6.93380000,375.10000000,7.99787000
1604387374249,375.04000000,3.03162000,375.10000000,97.14807000
1604387375244,375.01000000,148.00482000,375.02000000,8.64486000
1604387376250,375.01000000,30.50482000,375.02000000,8.14186000
1604387377244,374.99000000,1.78908000,375.02000000,38.21174000
1604387378243,374.96000000,0.38445000,374.97000000,56.28047000
1604387379242,374.94000000,2.19306000,374.96000000,1.95455000
1604387380250,374.95000000,83.50000000,374.96000000,9.59063000
1604387381242,374.93000000,11.10608000,374.96000000,5.00000000
1604387382252,374.93000000,6.46912000,374.95000000,0.46238000
1604387383251,374.91000000,3.70488000,374.92000000,43.50114000
1604387384247,374.92000000,14.87865000,374.93000000,0.07849000
1604387385236,374.91000000,42.27449000,374.92000000,4.79701000
1604387386253,374.96000000,35.06309000,374.97000000,2.75656000
1604387387247,374.95000000,50.00000000,374.96000000,5.00000000
1604387388248,374.93000000,10.00000000,374.94000000,5.00000000
1604387389252,374.87000000,43.06000000,374.88000000,18.25416000
1604387390249,374.87000000,12.76158000,374.88000000,69.66528000
1604387391249,374.86000000,46.36115000,374.88000000,19.75378000
1604387392254,374.87000000,2.77914000,374.88000000,5.42221000
1604387393251,374.79000000,41.89476000,374.80000000,111.05816000
1604387394255,374.77000000,5.73308000,374.78000000,23.25519000
1604387395241,374.75000000,44.69380000,374.76000000,17.08436000
1604387396235,374.75000000,44.69380000,374.76000000,16.81463000
1604387397252,374.75000000,41.59425000,374.76000000,22.06623000
1604387398248,374.75000000,91.15289000,374.76000000,1.78826000
1604387399252,374.75000000,91.15289000,374.76000000,1.75888000
1604387400255,374.62000000,32.82754000,374.63000000,47.68638000
1604387401253,374.61000000,19.21431000,374.62000000,110.60751000
1604387402256,374.61000000,19.27842000,374.62000000,10.92065000
1604387403245,374.61000000,18.95174000,374.62000000,89.22118000
1604387404255,374.61000000,52.21676000,374.62000000,3.00000000
1604387405256,374.65000000,7.22358000,374.71000000,3.69803000
1604387406243,374.78000000,147.29329000,374.79000000,4.00000000
1604387407190,374.81000000,30.00000000,374.82000000,20.22691000
1604387408253,374.80000000,33.48203000,374.81000000,13.77620000
1604387409252,374.80000000,38.77964000,374.84000000,0.21939000
1604387410231,374.81000000,94.34150000,374.82000000,5.00000000
1604387411245,374.81000000,94.40224000,374.82000000,5.12400000
1604387412251,374.81000000,126.01728000,374.82000000,0.12400000
1604387413250,374.81000000,133.51728000,374.82000000,2.12400000
1604387414249,375.00000000,16.69862000,375.01000000,137.94296000
1604387415255,374.99000000,4.52967000,375.00000000,8.95267000
1604387416237,374.98000000,85.04272000,374.99000000,0.47955000
1604387417257,374.94000000,0.09596000,374.98000000,2.66716000
1604387418153,374.95000000,7.19160000,374.96000000,5.00000000
1604387419249,374.96000000,25.66616000,374.97000000,5.00000000
1604387420238,374.96000000,25.55885000,374.97000000,5.00000000
1604387421253,374.83000000,43.71047000,374.84000000,15.00000000
1604387422255,374.83000000,18.71047000,374.84000000,10.00517000
1604387423258,374.83000000,59.90398000,374.84000000,10.00517000
1604387424201,374.83000000,60.04073000,374.84000000,9.97297000
1604387425260,375.00000000,16.62509000,375.01000000,155.01096000
1604387426258,374.96000000,3.85293000,375.00000000,4.06616000
1604387427252,374.98000000,11.71870000,374.99000000,5.28505000
1604387428256,374.98000000,24.18287000,374.99000000,5.00000000
1604387429258,375.00000000,97.34611000,375.01000000,112.04392000
1604387430204,375.00000000,97.34383000,375.01000000,112.04392000
1604387431243,375.00000000,98.06919000,375.01000000,106.53866000
1604387432253,375.00000000,21.10831000,375.01000000,109.75394000
1604387433252,374.98000000,11.78519000,374.99000000,30.94795000
1604387434165,374.98000000,11.78519000,374.99000000,27.16733000
1604387435233,374.98000000,11.78519000,374.99000000,27.16733000
1604387436254,374.98000000,26.78519000,374.99000000,22.16733000
1604387437222,374.98000000,26.78519000,374.99000000,22.16733000
1604387438191,374.98000000,11.78519000,374.99000000,27.16733000
1604387439262,374.95000000,5.00000000,374.96000000,87.04288000
1604387440258,374.83000000,4.18024000,374.84000000,146.12223000
1604387441260,374.83000000,17.03658000,374.84000000,18.55782000
1604387442235,374.83000000,0.00024000,374.84000000,100.17239000
1604387443252,374.83000000,34.90024000,374.84000000,28.26419000
1604387444154,374.83000000,34.90024000,374.84000000,28.26419000
1604387445261,374.83000000,7.15637000,374.84000000,16.20669000
1604387446262,374.86000000,145.96919000,374.87000000,0.27902000
1604387447263,374.93000000,11.94582000,374.94000000,50.28533000
1604387448253,374.93000000,22.31079000,374.94000000,0.67302000
1604387449260,374.89000000,2.51957000,374.91000000,11.44046000
1604387450262,374.91000000,17.33753000,374.92000000,4.66750000
1604387451228,374.91000000,39.11220000,374.92000000,4.66750000
1604387452231,374.91000000,66.12720000,374.92000000,0.66750000
1604387453259,374.91000000,66.12720000,374.92000000,0.66750000
1604387454198,374.91000000,66.24872000,374.92000000,0.66750000
1604387455264,374.91000000,46.29131000,374.92000000,0.66750000
1604387456263,374.94000000,10.00000000,374.95000000,22.20468000
1604387457262,374.96000000,1.43036000,374.97000000,9.30117000
1604387458229,374.91000000,0.12152000,374.92000000,120.08511000
1604387459253,374.94000000,22.44596000,374.95000000,26.34993000
1604387460264,374.94000000,0.02800000,374.95000000,137.74779000
1604387461266,374.91000000,0.12152000,374.92000000,83.09143000
1604387462265,374.91000000,33.00168000,374.92000000,22.87642000
1604387463266,374.91000000,31.46165000,374.92000000,22.84315000
1604387464257,374.91000000,0.13671000,374.92000000,28.56865000
1604387465245,374.92000000,11.10388000,374.93000000,5.00000000
1604387466269,374.92000000,0.00034000,374.93000000,63.56347000
1604387467268,374.85000000,800.49044000,374.86000000,55.14577000
1604387468268,374.85000000,762.34598000,374.86000000,154.66587000
1604387469258,374.85000000,749.72067000,374.86000000,51.98739000
1604387470241,374.85000000,759.80003000,374.86000000,10.97574000
1604387471266,374.85000000,759.80003000,374.86000000,24.46923000
1604387472250,374.85000000,759.80003000,374.86000000,24.46923000
1604387473255,374.85000000,749.80003000,374.86000000,39.61469000
1604387474248,374.85000000,749.91747000,374.86000000,39.61469000
1604387475264,374.85000000,749.51381000,374.86000000,15.94564000
1604387476270,374.85000000,244.83266000,374.86000000,192.60513000
1604387477266,374.71000000,5.00000000,374.72000000,13.11466000
1604387478227,374.73000000,0.80058000,374.74000000,90.51422000
1604387479266,374.73000000,2.32558000,374.74000000,65.98247000
1604387480189,374.73000000,1.69358000,374.74000000,121.09488000
1604387481232,374.73000000,1.69358000,374.74000000,121.09488000
1604387482262,374.73000000,0.82367000,374.74000000,169.27234000
1604387483252,374.66000000,35.00000000,374.67000000,69.01017000
1604387484252,374.66000000,35.00000000,374.67000000,44.67747000
1604387485267,374.66000000,35.00000000,374.67000000,99.17747000
1604387486222,374.66000000,26.27632000,374.67000000,47.35315000
1604387487222,374.66000000,36.81538000,374.67000000,48.12586000
1604387488258,374.66000000,41.17709000,374.67000000,44.34595000
1604387489271,374.66000000,70.11734000,374.70000000,0.08285000
1604387490253,374.73000000,47.77873000,374.74000000,0.20716000
1604387491240,374.79000000,40.76673000,374.80000000,22.41800000
1604387492265,374.85000000,82.34759000,374.86000000,7.25757000
1604387493272,374.90000000,60.07155000,374.91000000,3.98127000
1604387494260,374.90000000,39.37694000,374.91000000,19.56950000
1604387495236,374.90000000,39.37694000,374.91000000,19.56950000
1604387496245,374.90000000,49.37694000,374.91000000,19.54008000
1604387497258,374.93000000,54.41407000,374.94000000,7.35507000
1604387498271,374.92000000,9.86663000,374.93000000,65.30373000
1604387499233,374.91000000,34.00000000,374.92000000,21.54505000
1604387500204,374.91000000,4.00000000,374.93000000,50.29956000
1604387501243,374.91000000,4.00000000,374.93000000,50.29956000
1604387502252,374.91000000,4.00000000,374.92000000,73.71447000
1604387503271,374.85000000,0.24426000,374.86000000,68.80714000
1604387504272,374.81000000,5.00000000,374.82000000,3.55024000
1604387505273,374.80000000,3.12693000,374.81000000,38.20923000
1604387506261,374.82000000,37.00000000,374.83000000,2.88346000
1604387507269,374.82000000,49.11455000,374.83000000,0.08829000
1604387508259,374.82000000,48.18609000,374.83000000,0.08829000
1604387509273,374.76000000,30.00000000,374.77000000,22.99362000
1604387510267,374.79000000,4.91171000,374.80000000,8.25709000
1604387511272,374.77000000,8.66700000,374.78000000,37.42123000
1604387512272,374.77000000,48.09411000,374.78000000,0.49601000
1604387513267,374.75000000,46.69571000,374.76000000,32.51503000
1604387514276,374.77000000,32.15693000,374.78000000,5.00000000
1604387515270,374.75000000,9.26272000,374.76000000,186.77645000
1604387516199,374.75000000,8.59569000,374.76000000,151.00737000
1604387517206,374.75000000,8.59569000,374.76000000,146.00737000
1604387518259,374.74000000,0.80056000,374.75000000,207.57408000
1604387519267,374.65000000,33.67647000,374.66000000,20.78588000
1604387520265,374.65000000,39.33769000,374.66000000,28.62090000
1604387521262,374.65000000,34.33769000,374.66000000,33.62090000
1604387522274,374.69000000,39.58732000,374.70000000,4.36769000
1604387523260,374.72000000,73.28479000,374.73000000,3.00000000
1604387524213,374.72000000,73.28479000,374.73000000,2.08278000
1604387525279,374.72000000,77.79619000,374.73000000,2.08278000
1604387526090,374.72000000,77.79619000,374.73000000,2.08278000
1604387527279,374.75000000,13.17125000,374.76000000,1.57277000
1604387528253,374.75000000,71.22165000,374.76000000,1.47601000
1604387529269,374.75000000,66.72559000,374.76000000,1.47601000
1604387530257,374.75000000,33.23766000,374.76000000,18.94728000
1604387531263,374.75000000,33.13301000,374.76000000,18.94728000
1604387532277,374.92000000,32.05488000,374.93000000,3.00870000
1604387533280,374.89000000,15.86312000,374.90000000,5.00000000
1604387534266,374.89000000,52.61320000,374.90000000,5.00000000
1604387535256,374.91000000,28.53486000,374.92000000,5.00000000
1604387536227,374.91000000,58.56692000,374.92000000,5.00000000
1604387537222,374.91000000,38.53486000,374.92000000,13.02689000
1604387538281,374.93000000,35.70834000,374.95000000,0.85374000
1604387539226,374.94000000,53.33801000,374.95000000,5.00000000
1604387540281,374.93000000,32.70566000,374.95000000,5.00000000
1604387541271,374.94000000,40.46149000,374.95000000,5.00000000
1604387542272,374.94000000,40.46149000,374.95000000,5.00000000
1604387543281,374.94000000,37.00300000,374.95000000,44.26060000
1604387544275,374.93000000,61.01302000,374.94000000,0.14356000
1604387545258,374.93000000,60.87323000,374.94000000,0.14356000
1604387546247,374.93000000,45.87323000,374.94000000,0.07650000
1604387547266,374.93000000,55.87323000,374.94000000,0.07650000
1604387548279,374.83000000,4.80215000,374.84000000,135.48712000
1604387549285,374.85000000,21.13934000,374.86000000,1.46839000
1604387550282,374.89000000,60.64920000,374.90000000,2.65295000
1604387551140,374.89000000,121.98222000,374.90000000,2.62190000
1604387552241,374.92000000,86.17685000,374.93000000,56.14554000
1604387553286,374.92000000,86.17685000,374.93000000,55.87323000
1604387554281,374.92000000,94.04814000,374.93000000,20.70048000
1604387555208,374.92000000,94.04814000,374.93000000,20.70048000
1604387556222,374.92000000,94.04814000,374.93000000,20.16707000
1604387557175,374.92000000,94.04814000,374.93000000,20.13750000
1604387558259,374.92000000,7.55032000,374.93000000,78.45981000
1604387559290,374.89000000,2.81143000,374.90000000,112.29178000
1604387560289,374.89000000,2.81143000,374.90000000,105.51258000
1604387561236,374.89000000,2.81143000,374.90000000,105.51258000
1604387562282,374.83000000,4.80215000,374.84000000,155.12066000
1604387563287,374.83000000,5.67321000,374.84000000,167.84926000
1604387564288,374.83000000,5.53982000,374.84000000,67.12066000
1604387565274,374.83000000,15.88027000,374.84000000,36.40986000
1604387566291,374.83000000,15.88027000,374.84000000,36.38016000
1604387567259,374.83000000,15.72658000,374.84000000,36.38016000
1604387568287,374.83000000,15.72658000,374.84000000,36.38016000
1604387569292,374.86000000,171.25336000,374.87000000,0.25248000
1604387570281,374.92000000,33.48976000,374.93000000,48.74250000
1604387571294,374.83000000,4.07012000,374.84000000,13.02041000
1604387572282,374.83000000,69.09738000,374.84000000,0.28817000
1604387573286,374.83000000,69.08735000,374.84000000,0.00017000
1604387574261,374.89000000,5.00000000,374.90000000,58.82759000
1604387575294,374.89000000,5.00000000,374.90000000,1.41262000
1604387576197,374.89000000,3.58736000,374.90000000,44.33309000
1604387577272,374.89000000,3.58736000,374.90000000,44.33309000
1604387578291,374.86000000,1.37528000,374.87000000,45.99907000
1604387579255,374.85000000,13.30866000,374.86000000,7.12040000
1604387580295,374.85000000,42.92583000,374.86000000,2.04512000
1604387581296,374.88000000,170.39515000,374.89000000,10.87052000
1604387582249,374.88000000,170.39515000,374.89000000,10.84004000
1604387583289,374.88000000,170.45516000,374.89000000,10.73427000
1604387584292,374.92000000,173.55595000,374.93000000,7.00760000
1604387585259,374.94000000,177.97409000,374.95000000,0.13336000
1604387586293,374.94000000,182.04549000,374.95000000,0.13336000
1604387587266,374.94000000,182.07774000,374.95000000,0.13336000
1604387588288,374.94000000,182.04162000,374.95000000,0.13336000
1604387589286,374.94000000,182.04162000,374.95000000,0.13336000
1604387590280,374.97000000,104.50079000,374.98000000,10.15070000
1604387591264,374.97000000,171.41600000,374.98000000,10.00000000
1604387592257,374.97000000,171.41600000,374.98000000,10.00000000
1604387593299,374.97000000,171.47918000,374.98000000,12.72709000
1604387594272,374.97000000,171.47918000,374.98000000,10.00000000
1604387595250,374.97000000,171.47918000,374.98000000,10.00000000
1604387596284,374.97000000,171.47918000,374.98000000,10.00000000
1604387597293,374.97000000,83.47918000,374.98000000,10.00000000
1604387598289,374.97000000,83.34581000,374.98000000,9.96934000
1604387599243,374.97000000,83.34581000,374.98000000,9.96934000
1604387600202,374.97000000,48.94421000,374.98000000,9.93562000
1604387601259,374.97000000,48.27741000,374.98000000,9.93562000
1604387602302,374.97000000,51.69985000,374.98000000,9.93562000
1604387603288,374.97000000,120.04266000,374.98000000,9.93562000
1604387604268,374.97000000,121.73732000,374.98000000,9.93562000
1604387605225,374.97000000,54.73732000,374.98000000,9.90347000
1604387606249,374.97000000,114.23732000,374.98000000,8.20879000
1604387607293,374.97000000,114.23732000,374.98000000,8.17654000
1604387608303,374.97000000,142.73732000,374.98000000,6.44791000
1604387609300,374.99000000,141.39970000,375.00000000,36.01150000
1604387610304,375.00000000,107.96447000,375.01000000,0.00014000
1604387611305,375.02000000,25.54585000,375.03000000,50.00000000
1604387612296,375.02000000,20.54585000,375.03000000,63.23250000
1604387613285,375.02000000,19.09887000,375.03000000,57.01604000
1604387614105,375.02000000,20.31306000,375.03000000,57.01604000
1604387615306,375.05000000,19.28790000,375.06000000,0.29424000
1604387616251,375.02000000,7.76158000,375.03000000,35.00000000
1604387617258,375.02000000,0.68080000,375.03000000,79.83107000
1604387618281,375.02000000,0.68080000,375.03000000,79.83107000
1604387619280,375.02000000,5.68080000,375.03000000,79.83107000
1604387620246,375.02000000,5.68080000,375.03000000,79.83107000
1604387621304,374.96000000,14.79988000,374.97000000,47.61181000
1604387622307,374.95000000,44.95100000,374.96000000,30.00000000
1604387623306,374.91000000,0.14972000,374.94000000,17.34750000
1604387624250,374.92000000,78.10700000,374.93000000,56.61521000
1604387625251,374.95000000,94.23102000,374.96000000,46.64874000
1604387626306,374.99000000,7.19948000,375.00000000,8.95781000
1604387627223,374.96000000,14.47165000,374.97000000,46.34126000
1604387628302,374.96000000,7.08865000,374.97000000,46.34126000
1604387629307,374.96000000,78.11343000,374.97000000,40.57605000
1604387630294,375.00000000,98.14099000,375.01000000,41.33356000
1604387631290,374.97000000,3.98118000,375.01000000,80.51774000
1604387632311,374.94000000,1.51148000,374.98000000,30.00000000
1604387633302,374.93000000,1.74729000,374.97000000,5.00000000
1604387634280,374.96000000,6.98321000,374.97000000,55.56267000
1604387635281,374.96000000,11.98321000,374.97000000,50.56267000
1604387636168,374.96000000,7.18153000,374.97000000,61.18944000
1604387637286,374.93000000,85.15592000,374.94000000,28.93490000
1604387638145,374.93000000,85.15592000,374.94000000,25.56369000
1604387639308,374.93000000,5.00000000,374.94000000,38.74389000
1604387640133,374.93000000,5.00000000,374.94000000,38.74389000
1604387641308,374.93000000,10.00000000,374.94000000,38.71083000
1604387642301,374.93000000,10.00000000,374.94000000,36.29574000
1604387643283,374.93000000,61.90830000,374.94000000,28.72535000
1604387644303,374.93000000,123.22648000,374.94000000,23.89014000
1604387645271,374.93000000,123.22648000,374.94000000,23.89014000
1604387646211,374.93000000,122.96170000,374.94000000,23.85945000
1604387647299,374.89000000,20.00477000,374.90000000,70.48610000
1604387648312,374.86000000,73.70600000,374.87000000,44.56099000
1604387649252,374.86000000,67.70600000,374.87000000,55.36089000
1604387650264,374.86000000,47.03910000,374.87000000,55.36089000
1604387651307,374.86000000,92.53910000,374.87000000,55.36089000
1604387652318,374.89000000,84.00931000,374.90000000,0.26129000
1604387653288,374.90000000,48.50000000,374.91000000,72.58412000
1604387654298,374.89000000,0.25197000,374.90000000,132.18654000
1604387655278,374.89000000,0.25197000,374.90000000,139.35254000
1604387656226,374.89000000,0.25197000,374.90000000,139.35254000
1604387657309,374.89000000,0.25197000,374.90000000,139.35254000
1604387658298,374.89000000,0.25197000,374.90000000,139.35254000
1604387659311,374.89000000,0.16397000,374.90000000,56.35254000
1604387660320,374.89000000,0.16397000,374.90000000,56.35254000
1604387661135,374.89000000,0.16397000,374.90000000,56.35254000
1604387662318,374.89000000,146.71871000,374.90000000,24.66554000
1604387663280,374.89000000,69.19965000,374.90000000,60.09180000
1604387664320,374.85000000,1367.87949000,374.86000000,36.24912000
1604387665244,374.85000000,1357.76825000,374.86000000,36.73324000
1604387666297,374.85000000,1357.76825000,374.86000000,36.73324000
1604387667270,374.85000000,1337.10131000,374.86000000,36.73324000
1604387668300,374.85000000,1337.10131000,374.86000000,36.70323000
1604387669313,374.85000000,1376.72890000,374.86000000,8.84380000
